2870 4742
193 421 291 568 lit

439 447 1041 543 ¹=DeOtrArout

313 587 478 698 urgeb03
505 617 629 698 neque
645 587 904 680 committam,
919 608 975 681 ut,
995 588 1090 668 dum
1106 614 1279 681 vereare,

311 705 390 778 ²u'e
407 719 449 776 tu
467 699 511 778 sis
531 699 698 805 irreptor,
721 726 784 780 me
804 697 875 778 elle
888 699 1050 808 judices.
1095 697 1208 778 Tum
1229 697 1281 776 il·

310 811 362 904 le,
385 811 473 919 Ego
494 811 730 904 mehercule,
752 809 892 920 inquit,
915 807 1052 918 Caelar,
1071 837 1118 888 ex
1139 809 1278 890 omni-

311 923 382 1000 bus
402 921 556 1003 Latinis
572 920 695 1000 verbis
716 919 829 1030 hujus
845 920 950 1000 verbi
967 919 1051 1000 vim
1070 919 1131 1000 vel
1147 919 1279 1000 maxi-

312 1059 419 1112 mam
437 1031 582 1138 semper
603 1029 753 1139 putavi:
775 1061 893 1140 quem
909 1031 1016 1112 enim
1031 1059 1101 1132 noe
1121 1031 1281 1147 ineptum

312 1172 512 1235 vocumuS,
536 1140 566 1222 is
587 1142 686 1222 milri
706 1141 857 1222 videtur
876 1141 921 1220 ab
942 1141 1017 1222 hoc
1036 1169 1183 1222 nomen
1205 1141 1280 1220 ha·

313 1255 401 1333 bere
422 1253 595 1344 (lucium,
629 1251 732 1362 qudd
762 1281 828 1332 non
857 1253 901 1332 stt
934 1270 1062 1367 aptus:
1092 1251 1207 1364 idque
1235 1251 1281 1333 in

312 1363 497 1445 sermonis
529 1363 646 1444 nostri
676 1361 949 1446 consuetudine
987 1361 1129 1470 perlate
1157 1381 1276 1470 patet.

313 1473 438 1568 Nam,
469 1475 536 1586 qui
570 1496 647 1568 aot,
683 1494 835 1582 tempus
855 1475 948 1586 quid
982 1471 1165 1580 postulet,
1195 1501 1279 1554 non

310 1586 428 1682 videt,
448 1609 513 1672 aut
534 1587 643 1693 plura
662 1585 846 1696 loquitur,
867 1606 931 1666 aut
952 1581 988 1664 se
1003 1583 1181 1678 ostentat,
1210 1603 1279 1664 aut

313 1699 703 1809 eorumquibuscum
716 1695 782 1790 est,
794 1696 857 1774 vel
873 1693 1147 1804 dignitatisvel
1166 1721 1278 1774 com·

314 1809 627 1910 modi-rationem
642 1805 865 1900 nonhabet,
885 1826 950 1885 aut
963 1805 1128 1916 denique
1149 1805 1189 1886 in
1205 1803 1277 1884 ali-

234 1928 240 1936 “
315 1947 393 2042 quo
409 1913 548 2026 'genero
579 1919 651 1996 aut'
665 1917 920 1997 inconcinnus
941 1937 1006 1996 aut
1026 1916 1174 1998 multus
1204 1915 1276 2008 est,

315 2031 326 2066 ³
348 2057 385 2106 rs,
399 2028 534 2150 irreptus
562 2028 714 2108 dicitur.
773 2027 862 2108 Hoc
881 2027 978 2109 vitio
998 2027 1196 2109 cumulata
1222 2025 1279 2106 est

314 2138 868 2220 eruditrffimaillaGraecorum
883 2137 1007 2220 natio:
1025 2135 1278 2248 itaque,qudd

313 2250 395 2328 vim
412 2247 526 2358 hujus
542 2251 635 2330 mali
652 2250 782 2332 Graeci
799 2279 878 2328 non
894 2249 1041 2344 vident,
1063 2279 1111 2330 ne
1131 2277 1278 2330 nomen

313 2361 471 2472 quidem
484 2361 519 2440 ei
533 2361 628 2442 vitio
645 2361 929 2470 imposuerunt?
949 2380 993 2440 ut
1008 2361 1116 2440 euim
1130 2383 1278 2470 quaeras

314 2473 462 2566 omnia,
493 2475 691 2583 quomodo
710 2473 840 2552 Graeci
867 2473 1045 2580 ineptum
1064 2472 1276 2580 appellent,

314 2611 393 2662 uon
414 2585 588 2690 reperies.
648 2585 842 2664 Omnium
866 2594 996 2662 autem
1026 2581 1276 2688 ineptiarum,

315 2723 401 2801 quae
421 2693 507 2774 suut
526 2695 839 2788 innumerabilem
854 2695 958 2774 haud
978 2689 1054 2774 scio
1070 2722 1118 2778 an
1134 2693 1215 2774 ulla
1233 2693 1278 2772 stt

315 2807 449 2912 major,
478 2803 611 2912 quim,
642 2826 686 2881 ut
706 2804 764 2884 illi
793 2803 929 2899 solent,
959 2833 1207 2914 quocumque
1236 2805 1276 2883 in

314 2913 417 3008 loco,
448 2913 711 3023 quoscumque
735 2915 835 2996 iuter
855 2915 1034 2996 homines
1052 2909 1183 2997 ‘visum
1208 2911 1276 3007 est,

1229 3025 1279 3110 do

358 3239 372 3273 2
393 3237 422 3271 ne
436 3217 503 3291 rusr's
514 3217 632 3294 inpiae]
654 3213 696 3273 Ita
705 3211 780 3276 MSti
809 3215 959 3275 moratione
971 3213 1119 3294 specierum
1133 3215 1212 3275 nobis
1225 3215 1276 3294 fig-

316 3301 399 3360 Ctnt.
417 3300 502 3360 Norf.
524 3318 550 3358 et
574 3301 651 3364 Harl.
675 3323 701 3360 2.
721 3319 784 3360 cum
809 3301 923 3372 nificari,
945 3303 1008 3382 quis
1030 3301 1137 3382 ineptus
1151 3303 1277 3362 nomine·

315 3387 478 3445 Vitloriaua
499 3405 525 3444 et
546 3387 605 3445 aliis
620 3403 672 3445 vet.
686 3387 783 3447 editio·
810 3403 860 3446 tur.
895 3387 990 3446 Deleri
1005 3385 1089 3466 igitur
1103 3387 1276 3446 Infinitivum

315 3473 396 3533 nibus
407 3495 415 3530 :
435 3473 531 3552 Vulgo
544 3491 571 3530 ru
591 3497 620 3531 ne
629 3476 668 3550 fis
679 3478 781 3552 inultus,
808 3475 857 3546 effi,
870 3474 1027 3531 auctoritare
1035 3474 1098 3536 Asc.
1108 3491 1135 3532 et
1146 3473 1276 3544 Manutii,

315 3559 411 3618 ordine
426 3575 536 3617 mutato.
802 3551 917 3619 ¹necnon
936 3561 1078 3620 MStorum
1097 3562 1179 3620 Cant.
1191 3559 1277 3622 Norf.

358 3667 374 3728 3
396 3649 501 3726 Vulgo,
522 3651 543 3704 ir
560 3653 654 3728 irreptus
665 3653 708 3722 effe
720 3651 782 3704 dier·-
811 3647 888 3706 Harl.
900 3671 925 3706 2.
938 3645 1020 3726 Wag.
1034 3647 1144 3705 Butler
1158 3649 1238 3728 Mag.
1257 3635 1272 3668 ⁰

316 3738 384 3811 tun]
405 3736 484 3794 Fallit
504 3737 549 3795 hic
566 3737 687 3795 incautos
707 3739 781 3807 levir,
850 3731 1030 3814 tpalsstra,]
1056 3735 1174 3792 Videtur
1195 3735 1277 3794 Crassi

317 3821 361 3880 sud
374 3823 504 3879 notandus
515 3839 616 3894 tamen,
628 3843 713 3887 error:
735 3843 782 3881 an·
802 3822 928 3902 palestra
945 3821 1021 3881 fuifl‘e
1035 3821 1148 3900 spatium
1161 3843 1276 3882 vacuum

316 3921 361 3966 tea
374 3907 479 3966 dixerat
493 3909 609 3980 Crallus,
632 3933 702 3988 quern
720 3917 784 3967 mim
808 3925 835 3968 et
848 3909 896 3966 sub
909 3908 966 3979 dio,
981 3907 1009 3966 iu
1023 3908 1112 3970 toedio
1122 3910 1276 3986 porticuum

316 3993 479 4071 nos‘ineprum
500 4019 634 4053 vocamus:
654 4013 682 4054 et
701 3999 783 4072 paulo
810 3995 930 4073 undique
959 3991 1162 4052 extr'utlorrrm:
1202 3995 1276 4074 quati

317 4079 376 4158 poll
390 4079 462 4166 idem
476 4080 552 4152 dicit,
568 4085 684 4162 quomodo
694 4085 784 4141 Graeci
808 4080 868 4139 Itali
879 4080 961 4139 hodie
971 4098 1068 4138 vocant
1074 4087 1185 4160 piazza.
1192 4085 1217 4140 A
1219 4083 1276 4160 pud

316 4171 423 4246 ineptum
445 4169 587 4246 appellant:
613 4169 700 4230 Nunc
717 4175 783 4231 tero
807 4168 967 4228 Vitruvium
998 4187 1063 4226 reto
1094 4148 1190 4226 v.⁰11.
1225 4172 1277 4228 lure

315 4253 369 4310 hoc
390 4251 463 4311 idem
483 4253 572 4314 dicere
585 4255 651 4329 vult,
671 4271 698 4316 et
715 4277 782 4318 enu-
808 4276 874 4316 voce
897 4255 1060 4334 significatur
1081 4270 1170 4314 toturn
1190 4255 1277 4312 editi-

1190 4361 1276 4414 crum,
