2878 4748
178 393 320 526 ¹372
566 352 1099 491 Dro'areour.

346 565 465 649 quem
485 535 698 615 militarem
731 535 837 644 (quae
849 534 935 616 sane
954 563 1058 632 nunc
1073 535 1235 644 quidem
1246 539 1326 618 ob-

348 649 602 758 relevemur),
635 668 699 725 aut
713 645 811 754 juris
828 645 1028 729 scientiam
1047 649 1114 756 (ne
1127 649 1207 755 ejus
1227 647 1327 756 qui-

348 761 438 839 dem
470 757 663 852 universr3
695 785 788 838 narn
809 761 819 788 ¹
839 757 1099 864 pontificium,
1128 759 1233 866 quod
1258 759 1327 840 est

343 871 617 978 'eonjunttum,
640 895 757 948 uerno
778 865 919 980 discit),
941 888 1007 947 aut
1033 869 1324 977 eloquentiam,

350 1011 469 1090 quarn
484 981 523 1059 in
539 983 708 1074 clamore
727 997 765 1056 et
786 978 826 1058 in
853 982 1059 1088 verborum
1087 977 1197 1066 cursu
1217 977 1327 1086 posi-

275 1181 301 1200 ..
350 1115 433 1172 tarn
449 1110 610 1198 putant:
640 1089 822 1170 omnium
842 1090 933 1172 verri
947 1090 1138 1169 bonarum
1160 1091 1329 1182 artium,

336 1203 517 1311 ¹denique
537 1201 728 1279 virtutum
744 1199 912 1306 ipsarum
932 1200 1154 1280 societatem
1172 1219 1327 1311 cogna-

351 1314 579 1424 tionemque
599 1339 679 1393 non
699 1331 855 1392 norunt.

195 1437 333 1500 XXXIV·
397 1425 483 1518 Sed,
498 1439 542 1502 ut
557 1425 604 1502 ad
615 1423 774 1502 Graecos
790 1421 953 1502 referant
967 1421 1182 1502 orationem
1212 1421 1329 1530 (qui-

353 1539 426 1616 bus
437 1563 562 1615 carere
574 1535 615 1614 iu
631 1535 706 1614 hoc
718 1533 878 1641 quidem
890 1533 1075 1612 sermonis
1087 1559 1224 1641 genere
1237 1561 1328 1612 non

353 1645 575 1754 poss'umus3
605 1673 713 1736 narn,
735 1651 779 1721 ut
799 1644 952 1723 virtutis
972 1643 1159 1737 irnostris,
1182 1641 1229 1721 src
1249 1643 1327 1722 do·

354 1757 490 1838 rtrinae
506 1755 592 1836 siurt
613 1758 658 1834 ab
678 1754 757 1834 illis
776 1758 952 1860 exempla
972 1755 1204 1867 repetenda),
1233 1753 1326 1861 sep·

356 1890 438 1947 tem
454 1865 561 1946 fuisse
577 1867 756 1946 dicuntur
768 1894 847 1948 uno
860 1874 1045 1971 ternpore,
1057 1865 1125 1975 qui
1137 1863 1332 1972 sapientes

358 2001 396 2057 et
412 1963 644 2056 haberentur
663 1997 701 2054 et
720 1995 972 2078 vocarentur:
1002 1973 1044 2053 hi
1058 2003 1207 2068 omme,
1227 2001 1330 2082 prae-

358 2087 415 2166 ter
435 2086 627 2166 Milesium
643 2085 815 2180 Thalen,
835 2085 1055 2166 civitatibus
1069 2087 1144 2168 suis
1158 2087 1329 2195 praefue-

360 2218 463 2278 runt.
521 2197 621 2296 Quis
643 2197 791 2277 douior
812 2197 947 2276 iisdem
967 2197 1045 2276 illis
1065 2197 1327 2306 temporibus,

361 2329 427 2390 aut
447 2311 555 2418 cujus
584 2307 806 2418 eloquentia
825 2307 946 2387 literis
974 2307 1194 2390 instruetior
1215 2305 1333 2388 fuisse

236 2475 239 2490 ·
360 2420 535 2513 traditur,
564 2419 683 2527 quern
698 2417 896 2498 Pisistrati?
926 2419 993 2528 qui
1009 2419 1157 2527 primus
1172 2419 1330 2499 Home·

361 2533 392 2610 ri
409 2528 730 2624 libros,confusos
746 2550 868 2622 antea,
879 2529 927 2608 su:
943 2527 1158 2636 disposuisse
1173 2529 1331 2625 dicitur,
1349 2618 1353 2624 .

361 2660 406 2719 ut
419 2669 521 2720 nunc
542 2640 743 2718 habemus,
766 2639 859 2720 Non
873 2639 948 2720 fuit
963 2641 1031 2720 ille
1050 2641 1209 2752 quiderr'r
1228 2640 1331 2722 eivi-

360 2750 434 2829 bus
458 2751 532 2828 suis
561 2748 680 2844 utilis,
711 2749 772 2828 sed
797 2750 850 2830 ita
867 2752 1086 2860 eloquentis
1109 2752 1254 2847 floruit,
1281 2771 1332 2832 ut

361 2861 483 2940 literis
498 2859 746 2968 doetrinaque
766 2859 965 2967 praestaret.
1007 2863 1114 2962 Quid
1133 2864 1331 2943 Pericles?

364 2973 411 3050 de
427 2971 535 3077 cujus
547 2969 698 3049 dicendi
719 2972 828 3078 copia
842 2973 890 3050 src
911 2975 1142 3080 accepim,
1162 2995 1223 3066 ut,
1236 2975 1333 3053 cum

361 3091 499 3162 'contra
518 3083 760 3162 voluntatem
781 3081 1079 3164 Atheniensium
1107 3087 1333 3196 loqueretur

264 3185 269 3192 ⁴
364 3221 434 3302 pro
449 3193 568 3270 salute
596 3191 925 3296 putriaeseveriiu‚
960 3216 1091 3275 tumen
1121 3196 1160 3276 id
1189 3196 1331 3304 ipsum,

365 3303 470 3414 quod
499 3300 565 3382 ille
594 3320 727 3382 contra
754 3305 956 3410 populures
976 3304 1154 3386 homines
1174 3308 1332 3400 diceret,

1144 3419 1329 3525 populare

284 3623 292 3634 .
367 3569 415 3625 mo,
434 3553 479 3612 sed
492 3553 579 3612 solum
599 3575 676 3612 nemo.
716 3555 761 3613 Ex
772 3551 834 3612 ulti·
863 3559 943 3630 (νεώ,
961 3559 992 3615 de
1009 3562 1086 3628 voris,
1102 3559 1228 3634 &fir-1¹13,
1248 3560 1278 3615 de
1286 3559 1332 3634 st-

369 3641 421 3699 mis
445 3639 529 3698 literis
542 3637 617 3699 vocis
636 3639 770 3718 negligebat
784 3659 838 3700 vox
858 3645 962 3722 pulcris,
986 3661 1009 3702 tt
1020 3647 1052 3722 st
1067 3645 1132 3724 quid
1154 3644 1269 3724 q'ujbrodi
1286 3644 1335 3720 fi.

288 3785 289 3790 ,
367 3744 398 3783 ar
408 3743 469 3784 nata
479 3724 556 3784 fuisse
565 3724 681 3784 videtur.
863 3729 938 3790 Vide
947 3731 1052 3790 Notarn
1065 3730 1129 3790 adi.
1142 3751 1188 3810 43.

306 3819 310 3826 '
418 3833 429 3869 1
457 3811 638 3891 porrtsficr'umss
679 3809 777 3870 Cicero
803 3809 837 3869 de
906 3839 920 3876 2
950 3817 1051 3895 lepo‘rem
1073 3817 1208 3896 habitrff]
1248 3820 1335 3896 Qrod

248 3939 251 3946 .
369 3897 440 3976 Leg.
461 3896 492 3955 ii.
516 3917 560 3976 19.
577 3902 722 3956 'enumerat
744 3917 786 3969 ea,
805 3895 836 3955 in
864 3905 909 3964 hic
933 3905 1043 3984 leporem,
1073 3905 1138 3966 alibi
1167 3925 1246 3967 vocet
1265 3909 1334 3986 sna·

368 3981 470 4061 'quibus
495 3981 538 4060 jus
568 3983 738 4064 pontificium
772 4001 836 4042 cum
862 3991 931 4053 dam.
969 3989 1017 4052 Sic
1043 3992 1072 4050 in
1095 3993 1174 4052 Brut.
1193 4013 1220 4054 c.
1246 4009 1335 4074 ις.-

366 4069 429 4148 jure
446 4071 521 4129 civili
539 4071 714 4149 conjunstum
726 4071 765 4131 est
774 4093 783 4141 ς
803 4071 840 4131 Id
862 4078 1005 4158 suadaeque
1021 4078 1227 4149 medulla‚·--
1243 4077 1335 4152 now,

370 4175 453 4219 aurem
466 4159 610 4239 quantulum
626 4159 686 4236 ss?
704 4161 734 4219 de
741 4159 836 4236 fluctis,
863 4183 939 4244 quam
960 4179 1054 4235 vocant,
1064 4165 1165 4242 Grati,
1185 4163 1253 4246 cry'm
1272 4165 1336 4304 agffgr
