2864 4732
211 348 375 470 ..106
605 377 1112 470 DxOlrarorrn

297 595 299 600 .
396 535 437 598 et
454 515 645 600 memoria
663 517 802 598 fletum
827 517 971 627 populo
992 535 1178 614 moveret,
1205 519 1375 603 &duos

397 628 499 710 filios
511 627 597 710 suos
607 657 744 737 parvos
755 630 888 710 tutelae
901 628 1036 738 populi
1046 629 1374 726 commendasset,

396 767 441 820 ac
460 739 510 836 se,
539 753 557 802 ⁴
583 760 786 851 tamquam
804 738 846 822 in
864 741 1064 850 procindtu
1084 738 1373 822 testamentum

396 851 551 946 faceret,
570 851 646 932 stne
665 851 763 931 libra
782 871 895 978 atque
914 850 1056 932 tabulis
1121 852 1262 958 pulum
1282 851 1374 934 Ro-

286 1051 290 1060 ,
395 989 561 1044 manum
572 983 742 1043 tutorem
755 961 952 1044 instrtuere
963 961 1041 1043 dixi
1073 982 1110 1042 et
1122 961 1284 1044 illorum
1299 991 1370 1044 or-

396 1073 523 1154 bitati.
573 1074 706 1186 Itaque
725 1073 818 1154 clrm
836 1093 875 1154 et
893 1073 1040 1179 invidia
1058 1091 1097 1152 et
1115 1072 1207 1154 odio
1225 1075 1370 1182 populi

285 1233 288 1240 -
395 1204 484 1264 tum
497 1185 627 1292 Galba
646 1205 895 1294 premeretur,
914 1183 977 1264 his
995 1212 1152 1295 quoque
1169 1212 1263 1264 eum
1280 1205 1369 1266 tra-

342 1349 347 1360 ,
394 1296 537 1404 goediis
567 1296 775 1376 liberatum
808 1297 978 1388 ferebat3
1006 1294 1111 1405 quod
1143 1294 1241 1374 item
1259 1298 1371 1402 apud

396 1405 592 1489 Catonern
620 1405 804 1520 scriptum
834 1405 907 1487 effe
935 1407 1064 1502 video,
1094 1405 1161 1510 nr'fi
1175 1407 1300 1516 pueris
1328 1425 1370 1487 ct

371 1519 565 1630 ‘lacrymis
582 1519 663 1646 usus
691 1519 781 1626 effer,
805 1534 929 1630 prunas
959 1547 1036 1599 cum
1053 1515 1222 1598 daturum
1235 1515 1366 1626 suiffr.

287 1673 291 1678 ·
395 1629 497 1738 Haec
516 1629 690 1711 Rutilius
709 1630 820 1709 valde
838 1629 1089 1736 vituperabat,
1114 1645 1153 1708 et
1171 1624 1264 1707 huic
1283 1625 1367 1708 hu-

395 1739 555 1821 militati
574 1741 725 1820 dicebat
743 1740 805 1819 vel
824 1737 1002 1818 exsilium
1022 1736 1147 1833 fuisse,
1171 1739 1235 1818 vel
1255 1767 1367 1820 mor·

393 1869 477 1930 tem
502 1850 821 1958 anteponendam.
868 1848 1009 1959 Neque
1028 1848 1120 1932 verd
1139 1849 1214 1929 hoc
1233 1848 1365 1935 solum

292 1980 294 1984 ’
393 1959 506 2054 dixit,
533 1961 596 2040 sed
628 1957 706 2069 ipse
725 1979 764 2040 et
782 1958 892 2040 senfit
921 1959 1096 2042 erfecit:
1127 1987 1235 2054 narn,
1267 1961 1365 2042 clun

369 2119 372 2126 ,
392 2069 484 2152 elset
503 2069 571 2152 ille
589 2071 650 2152 vir
662 2071 903 2180 exemplum,
920 2091 965 2150 ut
983 2069 1098 2165 scitis,
1112 2069 1363 2167 innocentiae,

392 2179 562 2293 crlmque
581 2182 651 2264 illo
666 2205 783 2263 nemo
798 2211 923 2294 neque
938 2182 1123 2292 integrior
1139 2179 1231 2261 efl'et
1250 2181 1291 2262 in
1304 2184 1363 2264 ci-

368 2352 372 2368 .
387 2292 511 2374 -vitate
524 2321 649 2404 neque
665 2294 839 2388 saudim,
854 2321 935 2376 non
949 2291 1068 2375 modd
1079 2292 1238 2400 supplex
1250 2295 1362 2402 judi·
1425 2329 1426 2355 ι

386 2405 502 2486 cibus
516 2403 589 2486 effe
609 2404 750 2499 noluit,
778 2405 842 2486 sed
859 2403 1098 2486 neornatiits
1113 2403 1272 2513 quidem
1293 2429 1364 2487 aut
1424 2477 1425 2505 Ν

391 2513 548 2598 liberius
567 2516 734 2598 caussam
763 2515 839 2596 dici
873 2515 997 2610 suam,
1026 2515 1146 2624 quim
1166 2521 1176 2555 ⁵
1196 2515 1363 2626 simplex
1423 2595 1424 2604 ,

392 2627 491 2707 ratio
508 2627 679 2708 veritatis
699 2629 853 2708 ferebat.
910 2625 1095 2706 Paullum
1113 2624 1207 2706 huic
1228 2625 1363 2708 Cot'tae
1423 2607 1424 2655 l

366 2727 370 2734 ’
391 2737 527 2817 tribuit
546 2737 729 2844 partium,
743 2737 982 2819 disertiffimo
994 2735 1237 2832 adolescenti,
1255 2738 1362 2820 soro·
1422 2719 1423 2803 l

390 2847 444 2926 ris
463 2846 539 2927 suae
558 2847 654 2930 filio.
687 2849 800 2930 Dixit
825 2849 921 2929 item
939 2846 1107 2929 caussam
1126 2847 1237 2931 illam
1255 2878 1358 2959 qua·

390 2957 481 3038 dam
496 2987 544 3038 ex
567 2981 673 3068 parte
692 2963 743 3060 Q.
757 2959 910 3040 Mutius
928 2988 1037 3040 more
1055 2957 1136 3052 suo,
1156 2959 1268 3041 nullo
1287 2990 1358 3070 ap·

390 3089 537 3178 paratu,
566 3072 661 3180 purd
679 3091 718 3152 et
736 3069 916 3153 dilucide.
973 3071 1119 3170 ⁶Qudd
1135 3069 1163 3190 'fi
1182 3089 1358 3264 uptuipc,
1418 3131 1420 3254 p

1243 3213 1283 3264 ra
1315 3213 1354 3280 e,

429 3377 776 3452 4rarnquaminprocindu]
800 3374 858 3434 Mi·
880 3391 907 3434 et
930 3373 1048 3437 Ovidius
1070 3379 1105 3440 de
1129 3379 1219 3440 Ponto
1240 3378 1261 3446 1.,
1276 3375 1297 3442 ἰ.
1327 3377 1355 3434 8.

389 3455 449 3516 lites
460 3457 580 3517 Romani
596 3480 718 3537 pugnam
732 3461 857 3520 commis·
883 3462 930 3534 ait,

388 3543 453 3616 suri,
477 3543 561 3604 tribur
574 3546 730 3623 pluribusve
741 3547 856 3608 commi·
920 3553 990 3611 Haer
1025 3557 1052 3612 in
1081 3557 1214 3634 procinllu
1238 3559 1357 3612 carmina

388 3631 521 3691 litonibus
534 3629 717 3705 audientibus,
729 3634 856 3694 heredem
947 3632 1028 3704 falla
1037 3645 1114 3714 pura.

390 3715 532 3776 nominare
545 3716 674 3789 solebant,
692 3735 732 3790 ut,
747 3721 766 3778 fi
779 3719 854 3782 cade-
881 3722 937 3784 i.e.
959 3726 1016 3786 line
1036 3727 1121 3788 rnultai
1134 3725 1314 3787 meditatione
1326 3742 1355 3785 et
1413 3779 1414 3782 ,

389 3819 451 3863 rent
463 3803 493 3862 in
503 3802 608 3882 prelio,
619 3804 777 3865 testamento
789 3829 855 3866 con·
879 3809 954 3890 quali
963 3833 998 3870 ex
1011 3829 1133 3894 ternpore
1144 3812 1225 3873 faeta.

388 3888 447 3948 diro
471 3905 656 3960 morerentur;
689 3893 743 3950 hoc
765 3893 803 3952 est
828 3899 855 3951 in
919 3915 937 3978 ς
953 3901 1060 3981 ſsnplex
1082 3901 1152 3961 ratio
1174 3907 1296 3960 veritaris
1307 3901 1353 3978 se-

381 3980 511 4057 procr'ndu
549 3976 716 4054 tylamenrum
756 3984 855 4057 facere.
877 3985 972 4062 rebar]
1001 3987 1044 4045 Ita
1052 3988 1162 4048 Victor.
1175 3989 1239 4049 Asc.
1249 3987 1352 4048 Lamb.

388 4065 473 4143 Apud
496 4064 611 4142 Qinet.
640 4068 705 4127 Inst.
732 4069 782 4128 Or.
803 4069 852 4130 xii.
877 4069 964 4131 Streb.
985 4072 1130 4136 Manutius
1153 4092 1181 4138 et
1203 4075 1239 4134 R.
1252 4073 1340 4154 Steph

388 4171 416 4233 9.
436 4151 552 4213 occurrit
572 4157 600 4213 iu
619 4159 749 4235 procindn
760 4157 851 4234 stam
877 4159 974 4242 Vulgo
987 4167 1107 4224 cratin·
1156 4172 1159 4180 ’
1230 4249 1352 4328 ⁶de
