2870 4728
256 409 392 528 46,
593 393 692 499 Du
731 403 1100 496 Oarroar

264 601 266 606 .
358 555 362 562 '
383 549 600 652 numquam
619 540 756 622 elicere
777 538 895 648 ‚potui
916 533 1069 620 'devia
1094 566 1137 619 ac
1163 540 1314 621 'ratione

380 653 549 748 dicendi,
577 649 669 734 cum
688 672 726 732 et
741 681 807 759 per
826 670 973 730 memet
994 651 1118 760 ipsum
1138 649 1313 760 egissem,

380 784 419 844 et
457 794 524 872 per
551 763 724 845 Drusum
762 762 856 870 saepe
893 761 1117 842 tentassem:
1159 763 1312 872 quoin

253 894 260 900 ‘
383 903 539 985 genere,
569 895 629 970 tu,
662 874 829 968 Antoni,
859 871 964 982 (verd
982 865 1148 987 loquar)
1194 903 1312 952 num-
1349 891 1352 896 “

380 1015 501 1096 quam
521 985 621 1066 mihi
647 983 910 1092 pereundanti
933 1003 999 1090 aut
1017 983 1204 1093 quaerenti
1235 985 1310 1064 ali·

379 1098 474 1206 quid
504 1095 676 1190 defuisti,
706 1117 744 1174 et
768 1093 930 1202 persaepe
957 1121 1034 1188 me,
1062 1119 1149 1204 quae
1171 1093 1309 1174 soleres

378 1207 423 1286 in
465 1207 628 1288 dicendo
668 1205 878 1298 observare,
923 1203 1096 1288 docuisti.
1167 1205 1305 1302 Nunc,

260 1349 264 1364 *
380 1317 569 1427 quoniam
587 1329 748 1427 uterque
772 1314 942 1396 vestrum
970 1316 1149 1424 patefecit
1174 1345 1309 1397 earum

381 1453 512 1510 rerum
535 1426 701 1536 ipsarum
720 1425 883 1522 aditum,
910 1455 1005 1538 quas
1020 1427 1247 1538 querimus,
1269 1447 1310 1508 et

379 1539 588 1650 quoniam·
611 1539 789 1646 princeps
821 1535 973 1616 Crassus
990 1541 1089 1648 ,ejus
1123 1537 1309 1620 sermonis

255 1711 257 1717 s
380 1651 554 1732 ordiendi
570 1651 658 1743 fuit,
670 1650 755 1728 date
771 1647 882 1727 nobis
898 1649 997 1727 hanc
1013 1651 1178 1761 veniam,
1190 1669 1235 1728 ut
1249 1679 1307 1744 ea,

253 1849 256 1856 ,
378 1791 467 1871 quae
487 1759 633 1839 sentitis
652 1759 699 1838 de
712 1758 822 1838 omni
837 1783 975 1866 genere
990 1759 1155 1858 dicendi,
1183 1759 1306 1841 subti-

380 1872 470 1952 liter
488 1868 778 1980 persequamini.
827 1869 944 1968 Quod
962 1871 1122 1980 quidem
1148 1872 1173 1950 fi
1193 1872 1309 1952 etita

379 1981 489 2063 vobis
509 1981 774 2088 impetratum,
789 2005 972 2088 magnam
986 1981 1149 2077 habebo,
1164 1981 1307 2077 Crasse,

378 2091 472 2176 huic
491 2092 504 2128 ⁶
526 2091 710 2198 palaestrae
729 2110 768 2169 et
786 2091 1011 2174 Tusculano
1034 2113 1102 2173 tuo
1121 2095 1303 2203 gratiam,

377 2223 417 2284 et
436 2203 551 2312 longe
567 2201 791 2283 Academiae
806 2201 864 2281 illi
885 2230 927 2284 ac
942 2202 1081 2310 Lyceo
1094 2225 1208 2295 tuum
1229 2205 1308 2284 hoc

379 2313 641 2396 suburbanum
654 2313 901 2422 gymnasium
920 2333 1164 2423 anteponam.

220 2441 354 2526 XXII,
433 2425 546 2508 Tum
565 2424 645 2520 ille,
665 2423 752 2506 Imd
770 2422 872 2520 vero,
897 2425 1036 2536 inquit,
1056 2427 1212 2537 Sulpici,
1241 2457 1305 2507 ro-

385 2592 390 2608 ·
1165 2565 1306 2648 gemus

429 2801 448 2863 5
475 2788 506 2844 de
527 2784 573 2842 via
603 2805 635 2842 ac
664 2787 760 2842 rarione
790 2785 831 2842 di·
858 2787 994 2867 videquae
1004 2786 1178 2848 Nosterdicit
1192 2787 1264 2848 inii.
1277 2803 1305 2866 ς.

377 2871 471 2948 Μὴ]
502 2873 544 2930 Ita
564 2869 618 2930 MS
630 2873 725 2930 Gonv.
748 2871 828 2930 etita
843 2821 1019 2934 lConsulatur
1040 2875 1122 2934 etiarn
1144 2877 1222 2934 Nota
1242 2895 1308 2933 mea

379 2957 465 3017 edidit
487 2959 647 3018 Manutius:
670 2959 723 3018 hoc
745 2957 827 3016 etiarn
857 2961 891 3018 ad
904 2981 999 3020 vocem
1011 2962 1142 3042 palestra
1164 2961 1194 3020 in
1206 2960 1305 3020 eodem

380 3042 827 3122 uoluitGuliehniuapotius,un
857 3045 954 3126 capite.

379 3132 519 3210 vulgatum
533 3131 600 3190 illud
620 3135 653 3188 ui
671 3151 703 3187 ac
722 3133 827 3188 rarione.
898 3151 913 3198 7
933 3135 1078 3214 nequidem
1097 3133 1183 3192 fateor
1192 3132 1305 3212 smper]

379 3215 426 3277 Sic
448 3218 478 3276 in
491 3239 515 3276 c.
528 3236 572 3294 19.
602 3240 632 3276 ne
649 3216 715 3274 hanc
730 3217 827 3296 quidem
856 3218 899 3276 Ita
916 3219 991 3278 Msti
1010 3217 1092 3278 Norf.
1112 3220 1305 3278 Cant..Gonv.
1426 3277 1427 3300 ἶ

380 3303 827 3386 ipsbmdicendirationemacviam
856 3305 951 3364 Mead.
991 3321 1019 3366 et
1058 3305 1138 3366 Harl.
1171 3307 1235 3378 duo,
1274 3323 1306 3366 ut
1426 3309 1427 3382 ᾗ

379 3387 458 3468 noffe:
490 3411 515 3449 c.
535 3405 581 3468 25.
613 3413 660 3447 non
693 3390 826 3449 rationem
855 3391 938 3450 etiarn
961 3393 1071 3453 Manut.
1093 3409 1121 3452 et
1149 3395 1306 3454 Lambinus

378 3475 476 3534 (dandi
495 3490 520 3533 et
540 3475 623 3546 viam,
640 3475 691 3551 fid
709 3491 827 3532 naturam
840 3531 842 3540 ,
856 3478 1007 3552 ediderunt,
1021 3479 1113 3540 addito
1126 3502 1190 3539 mox
1204 3479 1305 3541 iasine
1426 3481 1427 3521 ³

377 3563 483 3640 cipitiffl.
522 3559 558 3619 Et
579 3559 620 3619 iii.
646 3559 692 3636 36.
709 3565 827 3640 ancz'pites
840 3547 842 3602 l
855 3563 993 3624 sententiae
1010 3565 1093 3624 verbo
1106 3581 1135 3622 ut
1146 3581 1208 3624 ante
1221 3567 1306 3626 verba

378 3647 446 3720 vias,
484 3645 656 3725 rationesque
700 3605 905 3726 deputata-lma
909 3651 989 3729 paulo
1000 3665 1058 3708 ante
1069 3649 1166 3725 dixfii.
1198 3651 1304 3716 Reum

378 3735 416 3795 da
854 3755 911 3796 non
924 3735 999 3796 enim
1012 3735 1143 3816 Sulpitiue
1155 3737 1260 3798 dinem
1272 3741 1304 3802 in

293 3849 297 3864 ι
418 3822 438 3880 6
464 3820 608 3900 palaestrae]
648 3821 692 3879 De
723 3819 826 3900 duplici
856 3823 1016 3902 praecedenti
1055 3822 1146 3902 capite
1178 3823 1304 3888 Crassum

373 3905 504 3987 palestre
518 3907 576 3979 usu,
588 3923 644 3966 tatu
657 3905 826 3987 philosophia
837 3851 941 3989 ljinper
955 3909 975 3968 a
988 3931 1077 3988 genere
1091 3909 1304 3988 hocrotojhw-

378 3991 576 4070 disputantibus
587 4008 666 4071 apte,
686 3991 771 4070 quam
785 3993 827 4051 lu·
855 4001 893 4054 nis
929 3997 1057 4074 refhgffl:
1088 3997 1173 4059 solim
1198 3999 1306 4059 dixerat

379 4075 605 4150 &andbundisco
614 4077 769 4150 ludentibus
775 4094 827 4140 etc.
836 4139 845 4218 Ι
856 4081 979 4143 Crassum
991 4082 1041 4164 ipsi
1052 4088 1158 4165 capienti
1175 4101 1250 4252 atq}
1262 4092 1304 4146 in·
1425 4097 1426 4102 ’

724 4187 730 4196 ·
763 4219 768 4228 .
1246 4183 1306 4240 auri
