2870 4728
617 421 1120 518 DrOsAronrr

402 581 480 661 tius
498 579 521 661 l
539 579 649 662 nobis
661 578 937 690 perfectiusque
952 561 1135 688 proferri:
1160 575 1333 688 solesque

400 719 698 801 nonnumquam
727 690 801 772 hac
835 691 881 770 d'e
903 717 942 770 re
966 687 988 768 d
1012 716 1077 768 me
1095 688 1138 769 in
1158 688 1331 797 disputa·

398 800 569 898 tionibus
589 801 725 882 nostris
745 800 937 884 dissentire
954 831 966 896 3
996 799 1100 908 qudd
1118 827 1192 910 ego
1206 801 1219 834 ⁶
1233 827 1336 907 pru-,

387 911 705 994 dentiffimorum
736 911 947 994 hominum
980 909 1124 990 artibus
1142 912 1330 1020 eloquen-

386 1020 497 1104 -tiam
511 1020 700 1104 contineri
720 1022 885 1104 statuam
900 1053 912 1116 ;
942 1039 985 1100 tu
1001 1041 1132 1102 autem
1151 1020 1262 1104 illam
1278 1021 1329 1102 ab

271 1139 274 1158 ”
386 1133 591 1242 ‚elegantia
608 1133 793 1214 dourinae
823 1132 1096 1242 segregandam
1128 1151 1254 1240 putes,
1286 1152 1330 1210 et

386 1241 442 1322 -in
459 1244 629 1358 quodam
649 1243 794 1353 ingenii
814 1262 929 1354 atque
958 1243 1240 1352 exercitationis
1259 1271 1329 1351 ge-

388 1376 489 1434 nere
507 1356 740 1462 ponendam.
798 1355 860 1436 Ac
883 1351 985 1434 mihi
1006 1353 1180 1464 quidem,
1207 1353 1328 1461 saepe-

396 1493 562 1566 numero
596 1464 638 1546 iu
668 1464 840 1548 summos
873 1462 1053 1546 homines
1086 1492 1130 1544 ac
1162 1463 1327 1546 summis

396 1573 562 1700 ingeniis
581 1575 760 1686 praeditos
778 1575 963 1672 intuenti,
984 1576 1236 1686 quaerendum
1251 1574 1327 1656 elle

293 1743 296 1752 ·
395 1685 523 1768 visum
542 1685 609 1781 est,
637 1687 733 1797 quid
750 1685 854 1780 esset,
882 1715 952 1767 cur
982 1686 1110 1794 plures
1130 1685 1173 1766 in
1192 1685 1327 1767 omni-

396 1798 468 1876 bus
498 1797 623 1892 rebus,
663 1795 782 1908 quim
814 1795 1049 1878 indicendo
1081 1796 1327 1878 admirabiles

397 1905 643 1988 exstitissent:
673 1935 781 2004 nam,
812 1935 1059 2017 quocumque
1077 1927 1115 1988 te
1134 1907 1267 1990 animo
1284 1927 1327 1988 et

397 2016 632 2126 cogitatione
651 2019 896 2114 converteris
907 2019 1121 2126 permultos
1133 2020 1327 2100 excellen-

394 2149 452 2208 tes
478 2127 519 2208 in
536 2157 691 2238 quoque
723 2157 863 2238 genere
882 2127 1042 2222 videbis,
1070 2157 1149 2212 non
1168 2129 1324 2210 medio·
1424 2185 1425 2226 ,

391 2239 520 2328 ‚crium
540 2240 695 2335 artium,
708 2239 770 2321 sed
789 2269 905 2348 prope
924 2239 1193 2322 maximarum.
1223 2241 1327 2339 Quis
1424 2237 1425 2326 l

392 2349 502 2429 euim
521 2349 589 2446 est,
617 2352 699 2461 qui,
726 2366 739 2413 ⁷
760 2351 787 2430 s1
807 2354 1001 2432 clarorum
1019 2349 1232 2431 hominum
1251 2350 1324 2432 sci·

393 2462 553 2557 entiam,
583 2491 712 2542 rerum
742 2461 938 2572 gestarum
969 2460 1030 2539 vel
1064 2461 1231 2542 utilitate
1259 2463 1325 2541 vel

394 2573 679 2682 magnitudine,
712 2573 841 2654 metiri
872 2571 980 2665 velit,
1006 2598 1090 2654 nou
1115 2591 1325 2678 anteponat

392 2684 533 2764 oratori
554 2682 855 2790 imperatorem?
889 2681 990 2784 Quis
1009 2701 1141 2762 autern
1160 2682 1324 2778 dubitet,
1423 2753 1424 2758 r

391 2792 487 2901 quin
519 2792 611 2874 belli
643 2795 758 2874 duces
777 2823 824 2878 ex
854 2793 927 2876 hac
947 2818 1029 2872 una
1044 2791 1199 2875 civitate
1226 2819 1324 2901 prae-

1131 2919 1133 2926 ’
1215 2903 1324 2986 stan·
1423 2909 1424 2940 ¹

390 3129 523 3208 explicata,
541 3127 607 3208 quia
615 3127 714 3189 Cicero
731 3130 778 3210 ipſs
785 3127 840 3206 ser-
876 3127 926 3190 luit
937 3145 994 3198 eos,
1013 3125 1063 3206 qui
1073 3126 1200 3190 omnibus
1209 3126 1323 3204 auibus,

273 3241 278 3252 ‘
392 3221 457 3274 moni
471 3215 647 3286 nonirrrrrfiril,
660 3232 688 3275 et
701 3216 765 3276 huic
774 3215 841 3275 Cot·
875 3211 1322 3293 sc-philosophlffijureclvlllsstc.

391 3318 420 3359 ta
442 3303 606 3358 tantummdo
624 3303 684 3360 loros
703 3317 727 3358 et
742 3303 840 3377 statm-
874 3297 1100 3360 inllrustiellent:
1121 3299 1225 3360 ficini.
1238 3319 1324 3378 049.
1422 3325 1423 3348 l

392 3387 747 3464 riasdip'trreatiorristradidit.
766 3387 842 3446 Vide
873 3385 1021 3446 Prudentid
1057 3409 1140 3446 rerum
1174 3407 1324 3466 magnatem

392 3473 434 3533 iii.
448 3495 477 3550 4.
872 3476 962 3552 magis,
981 3472 1057 3551 purim
1078 3471 1176 3530 dardi
1189 3487 1245 3529 arte
1261 3477 1323 3530 m‘rr'·
1422 3461 1423 3506 l

430 3565 448 3619 d
457 3560 839 3639 prrrderrtr'fflmorum]llocest,
871 3575 923 3616 rur.
951 3555 993 3624 iii,
1015 3575 1061 3638 35.
1099 3561 1185 3618 malim
1214 3559 1325 3638 equidem

392 3646 611 3718 doctissimorum,
631 3651 674 3705 vel
690 3647 840 3722 (utNoster
872 3647 1012 3722 indfirram
1036 3645 1217 3724 prudentiam,
1246 3645 1324 3726 quim

392 3734 513 3812 loquitur
523 3733 552 3790 in
563 3733 683 3811 sequenti
695 3731 838 3805 sententias)
862 3731 1003 3805 stulirr'am
1024 3732 1156 3812 loqreacem.
1184 3747 1212 3790 et
1229 3731 1249 3790 i.
1279 3753 1324 3807 ¹4·

263 3838 269 3849 ·
392 3841 495 3892 eorum,
518 3820 567 3898 qui
582 3821 684 3878 habent
695 3823 841 3898 elegorum
871 3821 928 3878 Sine
958 3819 1063 3895 smmi
1101 3840 1183 3876 rerum
1206 3819 1325 3878 cirrilr'um

390 3909 520 3966 ‹lodi-lm.
540 3905 643 3983 Sepius
654 3906 683 3966 in
694 3909 747 3967 hoc
760 3925 841 3984 opere
872 3909 1006 3984 cognitione
1016 3923 1040 3962 er
1053 3903 1205 3984 prudentia
1325 3965 1329 3975 ,

391 3995 484 4060 (ὶοὲὶοε
510 3993 611 4053 disertis
633 4011 660 4052 er
681 3995 842 4073 prudentiam
913 4011 928 4068 7
939 3988 1350 4069 ficurmmhonrnumscien„

391 4077 554 4159 eloquentia
575 4079 720 4158 opposuit:
748 4095 776 4138 et
794 4078 842 4138 hic
873 4076 938 4136 tiam
952 4077 1018 4153 ere]
1043 4075 1119 4136 Msti
1135 4073 1220 4136 Nors.
1239 4075 1324 4135 Cant.
1421 4071 1422 4112 l

391 4184 441 4245 per
456 4165 646 4245 prucknrrffimu
664 4162 779 4246 intelligi
792 4145 840 4223 vo:
872 4160 949 4228 Nor.
972 4161 1055 4244 Wag.
1077 4162 1171 4227 Mead.
1194 4179 1222 4224 rt
1243 4161 1324 4308 Igarl.

410 4297 416 4310 .
479 4303 484 4318 ,
764 4317 769 4324 ,
1215 4319 1222 4332 ,
1275 4268 1321 4324 UO,
