2864 4732
135 451 139 459 .
267 353 335 490 376

600 355 698 446 Do
739 353 1101 446 Uarrone

395 491 463 601 qui
484 491 584 572 hanc
604 491 803 598 personam
822 491 1032 600 susceperit,
1060 513 1104 572 ut
1134 492 1356 576 amicorum

390 603 659 694 controversias
679 602 891 712 caull'asque
910 625 1073 698 tueatur,
1089 605 1353 698 laborantibus

389 711 592 822 succurrag,
620 713 731 821 aeg'ris
754 715 964 808 medeatur,
993 713 1154 796 afflieros
1187 715 1349 808 excitet,

388 821 548 904 huncio
559 821 735 901 minimis
750 823 1050 932 tenuissimisque
1059 821 1176 916 'rebus
1189 823 1241 902 ita
1253 827 1350 918 labi,

390 951 434 1012 ut
448 930 787 1038 aliismiserandus,
801 932 885 1011 aliis
900 935 1114 1013 irridendus
1129 934 1201 1014 elli:
1218 935 1351 1014 videa-

291 1085 294 1096 <
388 1043 476 1122 tur?
502 1042 696 1151 Equidem
707 1042 968 1151 propinquum
984 1043 1159 1124 nostrum
1175 1043 1217 1122 P.
1231 1045 1348 1124 Cras·

388 1153 475 1253 sum
493 1152 610 1234 illum
623 1151 818 1246 Divitem,
841 1155 854 1201 ⁸
870 1171 909 1232 et
929 1152 1063 1232 multis
1078 1149 1163 1232 'aliis
1178 1153 1219 1232 in
1234 1157 1350 1236 rebus

291 1357 295 1374 Ι
388 1266 609 1372 elegantem,
621 1261 825 1344 hominem
837 1283 876 1342 et
889 1281 1087 1358 ornatum,
1101 1284 1140 1343 et
1155 1265 1349 1372 praecipue

383 1357 429 1452 'in
445 1373 519 1454 hoc
534 1372 770 1453 efferendum
785 1390 823 1451 et
842 1375 1077 1455 laudandum
1097 1395 1206 1481 puto,
1222 1375 1347 1485 qudd,

264 1537 282 1544 «-
322 1583 326 1591 ¹
376 1485 481 1565 'cirm
496 1483 539 1564 Ρ.
551 1483 723 1564 Scaevola
736 1484 851 1563 frater
864 1483 966 1579 estet,
980 1483 1111 1566 solitus
1128 1485 1162 1564 ei
1183 1486 1349 1593 persaepe

383 1596 523 1688 dicere,
536 1593 675 1702 Neque
687 1593 801 1674 illum
818 1593 858 1672 in
872 1597 958 1703 jure
973 1595 1079 1674 civili
1099 1594 1184 1675 satis
1199 1596 1259 1676 illi
1271 1597 1346 1676 arti

388 1707 511 1787 facere
544 1703 663 1811 polle,
696 1703 764 1782 nifi
784 1705 934 1784 dicendi
954 1705 1107 1813 copiam
1127 1704 1347 1786 allumsrfl'et

385 1815 507 1923 (quod
535 1814 694 1923 quidem
713 1811 794 1908 hic,
823 1815 890 1923 qui
917 1843 1074 1896 mecum
1092 1818 1223 1898 consul
1249 1818 1343 1910 fuit,

385 1925 490 2006 filius
500 1926 581 2033 ejus
595 1923 650 2003 est
669 1922 928 2036 consecutus);
948 1954 1072 2036 neque
1087 1926 1123 2006 se
1138 1949 1224 2006 ante
1239 1927 1346 2007 caus-

384 2035 442 2118 sas
461 2034 677 2138 amicorum
707 2037 867 2114 tradate
895 2056 1009 2147 atque
1038 2065 1147 2144 agere
1171 2037 1344 2144 coepille,

385 2145 504 2254 quim
515 2148 580 2255 jus
594 2145 708 2225 civile
723 2144 917 2226 didiciffet.
961 2147 1067 2246 Quid
1085 2147 1176 2230 verd
1195 2150 1260 2228 ille
1280 2149 1343 2230 M.

311 2327 312 2332 r
385 2255 513 2337 Cato?
541 2284 671 2336 nonne
689 2275 727 2334 et
746 2256 965 2365 eloquentia
983 2277 1088 2338 tanta
1105 2257 1193 2352 fuit,
1220 2287 1345 2368 quao-

384 2387 467 2448 tam
481 2367 548 2446 illa
562 2385 735 2475 tempora
746 2387 858 2476 atque
869 2363 937 2448 illa
948 2389 1037 2448 aetas
1050 2368 1091 2448 iu
1104 2368 1176 2448 hac'
1187 2369 1344 2454 civitate

299 2519 302 2530 ·
383 2479 481 2558 ferre
510 2479 723 2558 maximam
752 2478 896 2584 potuit,
928 2499 966 2558 et
991 2479 1090 2587 juris
1110 2480 1235 2561 civilis
1254 2509 1344 2560 om-

383 2587 495 2676 nium
523 2588 788 2695 peritissimus?
835 2588 1101 2673 Verecundius
1133 2591 1345 2670 haedere
1419 2621 1420 2664 r

1181 2701 1344 2810 jamdu-

381 2821 531 2882 adversario
543 2821 590 2880 suo
612 2822 783 2901 profuturum
803 2825 844 2885 fu·
871 2825 1000 2904 praecipu?
1021 2841 1072 2886 etcr
1111 2826 1174 2884 Noc
1195 2825 1272 2882 aliter
1284 2823 1345 2883 edi-

383 2907 446 2966 ille:
475 2905 549 2966 Vide
572 2907 653 2967 etiarn
684 2911 844 2989 superiorem
875 2909 960 2968 tiones
980 2913 1054 2970 Ven.
1076 2927 1104 2969 et
1128 2910 1242 2998 Mediol.
1271 2909 1340 2969 item

383 2994 498 3072 Notamg
876 2995 938 3054 MS.
954 2995 1034 3056 Cant.
1049 2997 1128 3076 Mag.
1150 3012 1176 3055 et
1196 2997 1265 3054 Bod.
1290 2997 1342 3055 nisi

423 3081 563 3158 ssvrrlgo,
596 3103 661 3140 cunr
681 3085 765 3142 multis
787 3086 845 3142 aliis
875 3079 947 3159 qudd
970 3083 1185 3162 praepositionem
1212 3090 1238 3141 ia
1259 3085 1343 3142 omit-

381 3167 451 3224 rrbas
468 3169 598 3243 elegantem
617 3167 736 3228 honrinrm
759 3189 783 3230 et
804 3195 844 3228 or·
875 3181 950 3223 tunt:
971 3168 1000 3224 Si
1015 3167 1139 3227 coivere
1161 3169 1227 3227 libet
1245 3190 1343 3228 vocem

373 3267 475 3322 aarum,
498 3254 624 3332 praecor}
644 3259 670 3312 in
689 3255 734 3313 hoc
757 3255 843 3315 feren.
873 3275 927 3308 cum
941 3253 1063 3325 retinere,
1078 3254 1113 3312 fic
1127 3255 1284 3312 sententiaro
1298 3275 1341 3314 rc-

381 3339 460 3412 dom]
477 3339 799 3421 Nonleruel,utopinor‚
813 3344 842 3402 in
875 3337 973 3410 stituar,
1003 3363 1058 3397 cam
1081 3343 1164 3398 mulus
1176 3344 1235 3400 aliis
1258 3341 1288 3400 in
1304 3366 1343 3400 rc-

372 3409 749 3503 lliuclococensuraopusell:
763 3429 841 3488 srvox
874 3424 917 3481 bus
936 3427 1066 3504 elegantem
1079 3421 1197 3484 homiaem
1219 3447 1242 3486 et
1265 3453 1342 3488 orna-

373 3508 482 3569 'riemest
495 3510 655 3590 praepositio,
679 3531 713 3571 ne
727 3514 840 3593 intelligi
874 3525 933 3580 tam,
956 3529 1011 3569 tum
1022 3515 1157 3592 praect'pud.
1196 3513 1250 3572 Sed
1264 3515 1342 3573 rellat

374 3595 452 3657 loros
476 3597 581 3676 potest:
615 3597 653 3656 fin
677 3600 840 3678 conjurrclio,
875 3599 962 3657 adhuc
975 3599 1173 3678 sulpcdlaelidei
1189 3603 1341 3680 vox,fi·ror·

375 3697 431 3742 vox
441 3702 493 3741 tum
504 3681 577 3762 sequi
588 3683 675 3743 debet.
702 3687 754 3746 Sed
768 3687 841 3746 MSri
875 3685 950 3742 dum:
965 3686 1027 3763 quis
1041 3685 1256 3766 enirnuurquarn
1271 3689 1340 3747 cele·
1419 3751 1420 3758 ,

376 3769 460 3829 Norf.
484 3771 578 3828 Mead.
602 3771 681 3830 Harl.
703 3797 728 3831 2.
764 3791 794 3832 ut
815 3792 841 3833 et
876 3769 970 3830 brioria
991 3789 1061 3832 notre
1081 3769 1291 3850 scriptor'rcrba
1305 3775 1341 3834 ira
1419 3767 1420 3800 l

378 3855 539 3928 Lambinus,
566 3857 652 3918 Streb.
675 3861 738 3920 Asc.
760 3861 839 3921 Man.
874 3876 973 3919 temere
993 3859 1153 3940 conjunxit?
1180 3861 1242 3940 quis
1268 3883 1340 3934 euro,

377 3941 720 4019 rrliiqueveramledlioocru
730 3947 840 4007 habent.
874 3967 956 4024 quem
971 3947 1037 4006 dicit
1049 3947 1201 4004 laudandum
1214 3943 1282 4020 elle,¹
1299 3949 1340 4007 di·

377 4027 412 4083 Εἰ
435 4029 516 4084 multis
530 4031 588 4086 aliis
612 4031 640 4088 in
663 4033 732 4088 rebus
745 4033 841 4112 elegan-
874 4033 911 4090 cit
923 4033 1119 4108 ellefirrndum‚
1133 4033 1197 4092 edm
1212 4033 1274 4092 ferri
1290 4055 1341 4111 po·

344 4168 351 4196 ⁸
375 4129 421 4169 rem
442 4113 560 4173 hominm
594 4134 618 4174 rr
648 4133 771 4194 errorum,
814 4123 841 4179 c‘t
874 4119 931 4190 test,
951 4119 1000 4197 qui
1013 4120 1118 4178 laudern
1133 4139 1189 4180 norr
1204 4121 1341 4180 meretur?

1277 4205 1343 4278 MS.
