2858 4746
5 531 6 540 Ν
230 475 234 482 ·
355 401 569 501 lirant
622 409 684 500 ΙΙ.
739 424 816 530 37.

107 547 280 642 uiuendi,
299 567 338 628 et
356 549 676 657 copiosedicendi
696 551 885 630 rationem
904 541 1077 630 hortinis·

108 657 181 742 bus
201 661 357 742 daturos
376 660 663 768 pollicerentur,
683 689 762 741 non
783 661 988 739 admouere
1007 688 1078 739 au»
1212 709 1232 742 s

60 827 82 836 ..
109 799 218 866 rem3
247 772 343 865 et„fi
359 773 488 878 pallam
503 773 634 852 audire
652 799 818 852 eosnon
837 769 1008 864 anderes,
1031 797 1080 852 ne

108 881 309 962 minueres
327 884 429 990 apud
443 903 530 964 tuos
550 884 652 962 cives
664 883 933 964 auctoritatem
951 900 1078 978 tuam,
1147 903 1150 908 ’

109 991 434 1103 subauscultando
448 1013 580 1074 tamen
599 993 774 1102 excipere
791 994 904 1074 voces
923 1021 1076 1088 eorum,

37 1097 42 1106 ’
108 1125 150 1186 et
169 1106 321 1212 procul,
352 1105 446 1215 quid
468 1126 675 1200 narrarent,
704 1104 921 1186 attendere:
950 1101 1079 1212 itique

107 1217 204 1310 feci,
235 1216 389 1310 Catule,
409 1235 448 1296 et
467 1216 630 1297 istorum
650 1217 834 1298 omnium
851 1213 1080 1296 summatim

108 1326 255 1408 caull'as
274 1347 313 1408 et
330 1345 470 1436 genera
489 1327 566 1436 ipsa
580 1325 746 1436 gatstavi.
843 1361 848 1404 ·.
946 1363 952 1406 ς
1003 1363 1008 1371 ·

98 1487 103 1494 -
170 1437 298 1518 Valde
328 1437 499 1534 hercule,
546 1438 674 1548 inquit
701 1435 882 1533 Catulus,
924 1439 1242 1534 timiduxxxvrt

107 1569 319 1660 tamquam
336 1550 383 1629 ad
402 1550 575 1660 aliquem
593 1549 768 1629 libidinis
783 1549 1001 1657 scopulum,
1030 1550 1080 1630 src

100 1683 224 1742 tuam
263 1679 441 1742 mentem
480 1661 528 1741 ad
563 1659 1082 1770 ,philosophiamappulisti

108 1799 233 1883 quam
259 1773 343 1852 haec
366 1772 501 1852 civitas
523 1771 729 1879 aspernata
759 1799 980 1881 numquam
1013 1763 1081 1852 esti

109 1883 222 1966 Nam
242 1903 280 1964 et
299 1885 435 1964 referta
463 1885 662 1994 qnondam
682 1883 795 1964 ltalia
814 1870 1080 1992 Pythagoreos

109 2024 204 2076 rum
219 1995 295 2076 fuit
314 1997 425 2090 tuni,
444 1997 537 2077 'cum
556 2016 635 2076 etat
654 1996 695 2076 in
715 1993 790 2075 hac
804 2014 920 2104 gente
939 1995 1083 2104 magna

109 2108 183 2187 illa
200 2105 377 2188 Graecia:
406 2134 453 2186 ex
471 2135 551 2217 quo
579 2107 698 2186 etiam
711 2106 881 2216 quidam
902 2105 1082 2186 Numam

99 2217 375 2325 Pompilium,
391 2247 526 2328 regem
545 2215 736 2311 nostrumr
754 2216 864 2298 fuiflTe
876 2215 1082 2327 Pythago·

110 2357 226 2410 reum
245 2330 398 2423 ferunt3
427 2329 495 2439 qui
515 2327 625 2408 annis
655 2327 858 2436 permultis
878 2347 967 2412 ante
987 2329 1080 2423 snit,

110 2435 234 2552 quam
252 2438 330 2549 ipse
351 2440 616 2550 Pythagoram
644 2433 1004 2548 quo‘etiam'major
1023 2439 1084 2524 vir

109 2552 313 2634 habendus
328 2549 397 2648 est,
413 2547 504 2631 cum
525 2550 637 2630 illam
655 2549 880 2658 sapientiam
895 2546 1084 2629 constitu·

110 2664 224 2746 endae
242 2661 409 2744 civitatis
421 2663 571 2742 duobus
591 2682 709 2769 prope
721 2657 869 2742 saeculis
881 2679 970 2740 ante
985 2679 1084 2769 cog·

110 2773 237 2869 novit,
249 2775 368 2886 quarn
382 2801 470 2854 eam
485 2773 614 2852 Graeci
629 2793 763 2852 natam
777 2770 850 2852 ess'e
870 2770 1079 2852 senserunt.

111 2887 169 2970 Et
187 2885 289 2967 certe
301 2913 381 2982 non
395 2885 487 2965 tulit
506 2885 608 2964 ullos
624 2883 858 2964 haeccivitas
873 2902 938 2963 aut
957 2883 1084 2991 gloria

111 2997 305 3095 clariores,
320 3016 386 3076 aut
400 2993 626 3078 auctoritate
638 2995 845 3104 graviores,
862 3015 928 3074 aut
939 2993 1082 3074 huma»

111 3107 236 3191 nitate
260 3107 460 3214 politiores
480 3106 523 3190 Ρ.
540 3107 745 3212 Αἷτίεειηο,1
777 3106 828 3187 Cr
850 3105 1004 3200 Laelio,
1027 3105 1083 3189 L.

111 3217 254 3312 Furio,
284 3217 353 3327 qui
386 3219 517 3299 secum
546 3216 816 3298 eruditissimos
836 3216 1017 3298 homines
1037 3244 1085 3296 ex

110 3329 270 3410 Graecia
289 3330 416 3438 palam
436 3329 586 3438 semper
603 3329 831 3409 habuerunt.
862 3330 995 3438 Atque
1009 3356 1085 3436 ego

111 3470 161 3522 ex
181 3440 262 3521 istis
278 3439 373 3548 saepe
389 3438 645 3548 :torinicum
657 3441 839 3533 dicerent,
860 3459 1085 3548 pergratum

110 3551 374 3646 Athenienses
387 3559 426 3631 e't
439 3547 515 3650 fibi„
527 3550 670 3648 fecille,
691 3572 730 3630 et
744 3551 881 3631 multis
896 3548 1084 3658 principi-

111 3668 187 3744 bus
213 3663 393 3758 civitatis,
412 3663 529 3774 quod,
555 3661 649 3759 clam
667 3664 714 3743 ad
734 3663 909 3746 senatum
933 3662 1084 3784 legatos

111 3776 163 3854 de
193 3773 268 3854 suis
288 3774 469 3854 maximis
492 3775 605 3854 rebus
634 3773 850 3867 mitterent,
882 3791 957 3851 tres
977 3770 1084 3850 illius

113 3886 241 3966 aetatis
253 3885 506 3966 nobilissimos
518 3883 769 3994 philosophos
781 3881 979 3978 misrll'ent,
989 3881 1086 3960 Car·
1218 3896 1223 3907 “

111 3999 293 4082 neadem
311 4017 349 4076 et
374 3995 595 4078 Critolaum
621 4016 659 4076 et
679 3995 924 4104 Diogenem:
953 3994 1085 4103 itaque
1103 4059 1105 4070 ,

110 4137 193 4208 eos,
214 4109 312 4190 dum
325 4109 465 4191 Rornae
478 4105 609 4204 esl'ent,
628 4126 667 4187 et
686 4107 708 4188 a
726 4105 763 4188 se
782 4125 821 4187 et
839 4106 886 4187 ab
902 4105 987 4186 aliia
1006 4107 1083 4184 fre·

616 4219 699 4316 Oa
734 4283 739 4290 .
886 4237 888 4242 ’
923 4235 1087 4328 quenter
