2864 4732
283 347 376 444 142
402 297 407 306 ⁸

631 325 1144 458 DflvuOua'roan

405 471 467 554 rit.
502 469 633 582 Atque
647 471 812 566 utinam,
832 492 877 552 ut
892 472 994 552 mihi
1012 473 1080 552 illa
1094 468 1368 554 viderevideor

405 583 447 669 in
467 583 550 662 foro
570 601 681 694 atque
711 581 753 662 in
772 583 918 678 caurus,
950 582 1003 674 ita
1028 611 1148 676 nunc,
1178 581 1366 692 quemad-

273 796 278 810 ,
406 693 571 783 modurn
600 721 643 772 ea
663 691 927 802 reperirentur,
960 691 1104 802 podem
1124 692 1233 774 vobis
1252 721 1367 811 expo·

401 805 514 889 nere!
545 804 618 884 Sed
637 803 683 884 de
700 833 761 884 rne
777 804 928 884 videro:
961 833 1064 884 nunc
1084 805 1158 886 hoc
1174 831 1363 912 propono,

403 915 510 1027 quod
529 913 628 993 mihi
647 913 822 1022 persuasi,
845 915 1035 1017 Quamvis
1052 944 1110 994 ars
1131 915 1289 1009 nonsit,
1310 935 1367 994 ta-

333 1081 341 1102 „
404 1055 497 1128 rnen
526 1023 627 1104 nihil
656 1023 727 1104 effe
757 1027 924 1130 perfeeto
956 1047 1103 1108 oratore
1131 1024 1364 1134 praeclarius·

402 1135 449 1216 N
449 1127 529 1228 am}
546 1155 590 1214 ut
604 1135 718 1214 usum
733 1135 884 1216 dicendi
899 1137 1097 1232 omittam,
1114 1167 1181 1247 qut
1200 1137 1241 1216 in
1256 1136 1367 1217 omni

403 1265 535 1355 pacata
555 1266 593 1324 et
612 1245 903 1342 liberaciuitate
920 1247 1153 1342 dominatur,
1172 1267 1278 1328 tanta
1295 1248 1366 1330 ob-

391 1356 559 1440 -ledtatio
578 1355 634 1479 est
654 1357 695 1436 in
714 1345 791 1465 ipsa
811 1359 991 1438 facultate
1012 1359 1178 1452 dicendi,
1199 1379 1244 1438 ut
1264 1357 1367 1438 nihil

397 1467 612 1550 ‘hominurn
628 1489 694 1550 aut
707 1469 859 1548 auribus
872 1463 1143 1550 autmentilrus
1155 1469 1367 1578 jucundius
1421 1515 1422 1556 r

404 1578 549 1686 percipi
568 1579 698 1687 poffit:
717 1580 785 1690 qui
801 1579 907 1660 enim
919 1602 1053 1660 cantus
1069 1597 1082 1640 ⁷
1100 1581 1367 1662 moderataeo-

403 1688 1366 1798 tationispronuntiationedulciorinveniripotest?

326 1825 329 1830 ’
405 1801 510 1910 quod
524 1829 679 1880 carmen
695 1799 892 1896 artificiosa
908 1804 1112 1883 verborum
1124 1802 1367 1886 conclusrone

405 1910 555 2018 aptius?
583 1911 650 2020 qui
676 1911 851 1991 ador‘in
872 1911 1073 2009 imitanda,
1104 1914 1222 2024 qudrn
1240 1935 1367 1994 orator

405 2020 448 2099 in
460 2018 692 2126 suscipienda
704 2022 861 2101 veritate
870 2025 1097 2132 jucundior?
1125 2025 1366 2135 quidautem
1421 2043 1422 2072 ¹

385 2130 598 2225 'l'ubtiliuu
628 2131 747 2241 qulun
767 2155 889 2212 acutae
910 2138 1126 2246 crebraeque
1145 2134 1365 2216 sententiae?

284 2268 317 2342 χ
402 2241 496 2351 quid
509 2241 1368 2354 admirabilitu,quamressplendoreillustrata

402 2353 634 2434 verborum?
663 2353 758 2463 quid
776 2355 943 2462 plenius,
968 2358 1086 2467 quarn
1105 2357 1215 2438 omui
1237 2385 1366 2438 retum

402 2492 541 2572 genera
556 2468 753 2546 cumulata
767 2467 915 2547 oratio?
933 2471 1181 2578 nequeenim
1193 2467 1275 2548 ulla
1287 2493 1367 2549 non

401 2575 555 2682 propria
584 2577 743 2657 oratoris
763 2575 817 2656 est
843 2606 916 2674 res,
946 2607 1035 2690 quae
1055 2579 1213 2691 quidem
1232 2579 1366 2662 ornate
1421 2629 1422 2664 r

404 2685 480 2764 dici
498 2687 738 2797 graviterque
757 2689 905 2770 debeat.
1129 2714 1131 2720 ·
1421 2665 1422 2760 l

326 2873 336 2887 ,
355 2868 362 2886 ,
461 2793 589 2902 Hujus
609 2795 663 2874 cst
683 2799 723 2876 in
738 2798 864 2880 dando
879 2799 1035 2883 consilio
1051 2801 1096 2882 de
1111 2801 1293 2883 maximis
1307 2833 1369 2884 re·

245 2985 252 2996 ,
355 2923 381 2963 ³
404 2906 475 2986 bus
494 2934 586 2984 cum
606 2905 791 3016 dignitate
810 2910 999 3020 explicata
1027 2913 1235 3004 sententia3
1265 2913 1366 3024 ejus-

403 3017 493 3096 dem
508 3039 545 3094 et
557 3015 920 3128 languentiapopuli
937 3022 1129 3118 incitati0,
1139 3045 1178 3104 et
1190 3023 1367 3121 effrenati

402 3127 640 3208 moderatio:
672 3131 806 3210 eadem
826 3133 1006 3214 facultate
1035 3157 1073 3214 et
1102 3136 1204 3214 fraus
1231 3135 1369 3217 homi·
1421 3167 1422 3244 ς

298 3239 305 3250 ’
401 3267 500 3318 uum
520 3239 566 3318 ad
586 3239 811 3346 perniciem,
842 3264 880 3322 et
906 3243 1106 3354 integritas
1126 3247 1173 3326 ad
1201 3245 1369 3328 salutem
1421 3245 1422 3282 r

400 3369 584 3431 vocatur:
615 3350 701 3488 <puis
721 3353 912 3434 cohortari
943 3357 989 3434 ad
1014 3355 1199 3436 virtutem
1232 3355 1369 3439 arden-

401 3459 504 3540 tius?
523 3458 610 3570 quis
629 3461 774 3542 avitiis
793 3465 915 3545 acrius
930 3467 1130 3570 reuocare?
1159 3467 1246 3577 quis
1261 3470 1369 3550 vitu·
1421 3523 1422 3558 r

400 3587 530 3678 pe'rare
546 3571 742 3680 improbos
757 3573 938 3682 asperius?
966 3579 1053 3688 quis
1073 3579 1227 3658 laudare
1242 3581 1369 3660 bonos

400 3679 591 3765 ornatius?
610 3682 697 3793 quis
712 3686 963 3794 cupiditatem
975 3689 1244 3772 vehementius
1259 3692 1367 3772 frau-
1421 3719 1422 3738 ¹

1276 3829 1367 3912 gere
1421 3855 1422 3884 r

441 3931 457 3992 7
487 3920 637 3995 moderare]
678 3919 768 3999 Huius
794 3920 868 3981 vocis
895 3925 1005 4002 quadam
1025 3947 1179 3983 nummum
1200 3926 1368 3986 moderatione

400 3999 635 4083 autumentur
652 4005 689 4078 u,
709 4007 864 4086 quarata-
894 4027 918 4069 a
927 4013 1028 4090 param.
1128 4029 1130 4035 ·
1421 4003 1422 4090 l

401 4091 602 4154 termido.
634 4093 767 4170 adstrictus
797 4113 866 4156 certa
934 4097 1259 4180 dautfiqaffquametc]
1274 4099 1366 4248 thlig.
1421 4093 1422 4158 l

411 4205 435 4224 ·-
770 4225 776 4240 .
1293 4206 1312 4248 e
1341 4201 1362 4245 t·
1421 4197 1422 4252 i
