2864 4732
412 365 632 455 Lrnnn
682 365 716 452 Ι.
775 331 877 477 40.¹

144 501 293 594 ordine,
326 503 457 613 siquis
477 506 577 614 apud
608 533 678 583 nos
697 495 861 585 servisset
890 533 935 586 ex
962 501 1106 612 popuso

143 613 343 708 soederato,
364 611 512 726 seseque
525 615 725 708 liberasset,
741 643 783 694 ac
799 613 925 724 postea
941 618 1107 696 domur'n

142 721 354 816 revenisset,
366 725 571 833 quaesrtum
586 725 640 808 est
652 726 751 832 apud
766 729 924 834 majores
938 725 1101 830 nostros,

141 833 1105 946 numisadsuospossliminiorediisset,ernmisrss'et

138 943 240 1024 hanc
260 943 470 1024 civitatem.
519 945 650 1044 Quid?
681 948 726 1056 de
742 947 928 1040 libertate,
948 976 1026 1056 quo
1039 948 1104 1055 ju-

141 1053 289 1136 dicium
337 1055 462 1136 ravius
482 1055 554 1136 effe
574 1056 729 1136 nullum
749 1057 886 1164 potest,
909 1083 1038 1140 nonne
1057 1085 1104 1136 ex
1177 1137 1190 1152 ,

132 1167 220 1274 jure
234 1083 343 1246 civiii
356 1165 479 1274 potest
493 1163 566 1246 esse
581 1167 891 1261 contentio,cum
905 1168 1104 1278 quaeritur,
1183 1183 1192 1210 ⁶

138 1275 185 1372 is,
216 1275 287 1386 qui
306 1275 320 1312 ⁶
339 1275 491 1356 domini
510 1278 711 1356 voluntate
730 1276 862 1358 census
882 1277 943 1372 fir,
974 1279 1099 1360 conti-

138 1385 288 1479 nuone,
320 1414 369 1466 an
389 1387 457 1466 ubi
477 1385 644 1466 lustrum
663 1389 884 1483 conditum,
920 1389 1016 1468 liber
1035 1389 1103 1468 sit?

131 1497 260 1598 Quid,
275 1497 380 1608 quod
393 1494 462 1577 usu
484 1497 672 1576 memoria
692 1517 844 1604 patrum
859 1498 991 1578 venit?
1015 1505 1027 1540 ⁷
1047 1499 1119 1591 ut',

136 1607 426 1715 paterfamilias,
445 1609 513 1719 qui
532 1635 580 1686 ex
596 1607 781 1716 Hispania
796 1607 965 1688 Romam
980 1609 1103 1690 venis-

137 1715 208 1813 set,
223 1717 314 1798 cirm
329 1745 493 1799 uxorem
509 1740 772 1828 praegnantem
784 1717 1033 1826 inprovincia
1048 1745 1103 1798 re-

137 1827 320 1938 liquisset,
358 1825 571 1942 Romaeque
591 1830 751 1910 alteram
769 1827 945 1924 duxifl'et,
977 1857 1102 1939 nequo
1194 1929 1197 1940 Ι

131 1936 323 2019 nuntium
348 1938 465 2048 priori
494 1937 704 2034 remisisset,
735 1939 918 2020 mortuus
936 1969 985 2020 ue
1013 1937 1104 2020 esset

136 2048 333 2145 intestato,
354 2070 454 2130 etex
471 2071 630 2160 utraque
646 2050 749 2128 filius'
770 2063 880 2138 notus
896 1971 998 2146 ciet,
1018 2079 1100 2129 me·

135 2159 324 2256 diocrisne
336 2187 395 2240 res
409 2159 918 2242 incontroverfiamadduua
929 2160 1102 2257 cesimum

134 2267 372 2382 quaereretur
386 2272 432 2351 de
448 2271 596 2352 duobus
610 2270 756 2349 civium
771 2271 975 2378 capitibuS,
996 2289 1034 2351 et
1054 2274 1101 2352 de

135 2411 268 2490 puero,
282 2381 351 2493 qui
371 2410 418 2461 ex
432 2381 637 2489 posteriore
654 2401 765 2458 natus
781 2402 875 2476 erut,
897 2401 935 2459 et
956 2383 1001 2460 de
1021 2383 1100 2492 ejus

135 2512 258 2572 matre
274 2523 284 2587 ;
316 2518 417 2602 quae,
446 2491 472 2570 fi
486 2491 722 2601 judicaretur
741 2492 853 2569 certis
872 2489 1100 2600 quibusdam

135 2603 278 2697 verbio,
292 2631 373 2684 non
392 2604 502 2684 novis
518 2600 679 2709 nuptiiS,
697 2599 777 2679 fieri
798 2629 890 2682 cum
910 2599 1100 2708 superiore

137 2712 367 2809 divortium,
397 2713 438 2792 in
463 2711 690 2794 concubinae
720 2713 853 2792 locum
873 2713 1101 2792 duceretur?

136 2821 234 2904 Haec
250 2824 371 2932 igitur
385 2845 423 2904 et
435 2823 579 2905 horum
594 2820 732 2902 similia
739 2824 826 2930 jura
842 2821 918 2902 suae
933 2822 1100 2902 civitatis

134 2931 399 3044 ignorantem,
431 2938 608 3038 vcressum
645 2951 683 3011 et
713 2933 874 3030 cessum,
911 2933 1024 3014 alacri
1059 2953 1099 3014 et

943 3063 1099 3151 promto

132 3189 177 3252 nub
193 3189 210 3247 i.
220 3210 245 3249 e·
266 3210 301 3249 eo
311 3187 369 3268 ipso
382 3188 426 3248 die
437 3187 602 3258 recensendi,
622 3185 704 3261 ferrus
717 3202 767 3244 etc.
793 3185 857 3244 Liv.
872 3188 889 3244 l.
904 3185 933 3244 ii.
948 3207 971 3246 c.
985 3205 1010 3262 7.
1030 3185 1100 3244 Herc

131 3274 154 3334 is
169 3273 238 3334 siber
251 3277 325 3346 esser,
348 3295 382 3332 an
398 3297 452 3333 non
475 3276 523 3333 nisi
545 3275 601 3351 post
630 3273 700 3328 elissa
711 3275 797 3350 oussro,
809 3273 949 3352 creditaque
962 3291 1047 3350 quum
1059 3276 1097 3328 in·

130 3375 221 3419 totum
239 3363 350 3420 censum
370 3363 528 3430 absolutum,
549 3361 602 3416 five
630 3357 752 3435 dignitate
776 3375 891 3437 angerent
914 3359 1097 3434 cupidinarii-

131 3445 235 3518 Irestrrrm
247 3449 380 3516 conditum,
394 3445 469 3524 quoti
488 3445 601 3506 solemni
631 3469 704 3516 mrem,
711 3445 831 3524 jirsmjffir
844 3445 948 3521 fhcr'bus
967 3452 993 3504 in
1003 3449 1098 3511 roncia-

130 3531 270 3591 Sacrificio
284 3530 436 3589 finiebatur.
630 3555 682 3589 nrm
695 3533 809 3602 osiridis.
836 3532 901 3590 Lir.
916 3533 933 3589 s.
942 3530 1000 3590 viii.
1015 3553 1039 3590 c.
1051 3531 1097 3590 28.

170 3635 186 3690 7
208 3633 246 3686 ur,
262 3616 456 3695 paterfamilias,
469 3619 513 3693 qui
530 3635 597 3672 ex-
631 3617 730 3692 Qiius
743 3621 865 3676 laceratus
872 3615 980 3695 juvenis
991 3617 1099 3696 quumji

124 3706 239 3789 purniffrr,
262 3701 318 3761 crim
340 3703 406 3775 eto]
433 3700 599 3779 Conjunssio
630 3709 655 3760 in
672 3703 798 3782 publicum
820 3706 989 3782 proripuiffrt,
1015 3706 1098 3780 ingens

129 3789 183 3849 erim
197 3789 227 3850 iu
238 3789 440 3848 construeiione
452 3785 599 3866 procedere
629 3795 672 3846 vir
685 3787 809 3847 hominurn
822 3804 872 3846 etc.
905 3787 992 3846 Vides
1011 3787 1041 3846 in
1055 3789 1098 3847 hir

84 3938 88 3954 ,
130 3877 208 3938 debet
230 3875 432 3937 nominativum
443 3877 532 3935 casum
549 3889 599 3954 pa·
630 3877 760 3958 exemplis
783 3875 983 3935 nominativum
1007 3871 1097 3936 essum

130 3965 294 4042 rrqsrmr'lr'as:
315 3963 350 4022 sic
370 3963 477 4034 Cicero,
500 3963 600 4044 aliique
630 3961 779 4043 procedere
791 3959 1029 4038 conjunctionem:
1047 3962 1095 4041 qui

131 4049 279 4132 Scriptores
293 4047 377 4108 solent
391 4050 476 4129 loqui.
500 4052 518 4112 l.
530 4050 559 4110 ii.
575 4073 598 4112 c.
631 4067 730 4119 tamen,
756 4048 775 4106 si
789 4047 823 4106 ad
844 4047 947 4108 sensum
961 4047 1095 4128 respicias,

131 4137 178 4202 61.
210 4139 258 4212 Ur,
279 4137 338 4200 olim
351 4135 514 4216 Rofiacum
526 4139 599 4217 legem
632 4134 705 4214 sequi
720 4133 810 4194 debet.
1139 4139 1143 4149 ’
