2866 4740
364 622 820 866 FORMA
855 605 1348 882 ΟΡΕΙΙΙΙ.Ι

473 975 507 1037 T
522 997 560 1040 ex
582 973 663 1038 bisce
679 971 763 1038 libris
784 973 919 1058 legendis
941 977 999 1060 maj
1003 997 1069 1036 orus
1085 970 1201 1038 fruetus
1217 950 1346 1039 belidi*
1418 973 1419 980 '

422 1059 646 1148 percipiat,
671 1085 732 1124 non
750 1045 858 1124 inutile
882 999 998 1124 credidi
1008 1063 1084 1142 sore,
1109 1061 1203 1124 totius
1219 1050 1341 1158 Operis

370 1151 500 1216 sormam
516 1169 546 1212 et
561 1147 698 1234 quast
661 1147 788 1222 siouram
806 1152 935 1214 breviter
946 1111 1119 1236 depingere.
1156 1145 1204 1212 De
1215 1136 1341 1212 Rheto-

368 1239 432 1304 rica
449 1237 562 1302 Cicero
576 1235 716 1302 omnium
734 1237 944 1302 Romanorum
965 1239 1232 1324 eloquentissimus
1242 1228 1349 1298 trad
1315 1251 1341 1298 rt

330 1365 335 1384 r
371 1343 545 1410 praecepta3
581 1347 637 1390 nec
663 1349 698 1389 eu
724 1328 861 1408 quidem,
885 1325 1057 1390 Rhetorum
1085 1323 1214 1390 aliorum
1237 1345 1337 1403 moro,

370 1415 454 1478 nuda
474 1429 504 1475 et
521 1417 659 1478 inornata
675 1413 780 1490 tradit,
805 1415 850 1476 sed
866 1416 1003 1478 oratione
1020 1413 1062 1477 ita
1078 1415 1195 1489 limata,
1211 1429 1242 1475 et
1258 1413 1338 1474 doc-

370 1508 453 1572 trina
469 1503 509 1564 ira
526 1501 655 1574 liberali,
678 1518 713 1566 ut
730 1503 801 1566 scias
818 1501 915 1582 ipsum
933 1503 961 1564 id
979 1499 1144 1566 assecutum
1156 1498 1224 1578 esse,
1249 1501 1338 1585 quod

370 1589 462 1654 vellet
472 1589 538 1654 aliis
546 1591 724 1692 praecipere.
750 1588 933 1672 Plerumque
946 1585 993 1668 lit,
1018 1609 1050 1652 ut
1063 1612 1135 1652 cum
1150 1582 1293 1651 inuidia
1277 1611 1337 1650 au-

369 1679 483 1752 diatur,
500 1699 553 1762 qur
546 1678 637 1740 aliis
654 1677 808 1760 praecipit:
835 1681 887 1762 qui
904 1701 951 1740 en
957 1701 985 1740 m
1003 1699 1052 1762 eos
1069 1697 1157 1741 conat
1164 1699 1197 1738 ur
1213 1666 1339 1754 docere,
1420 1745 1421 1748 Ἴ

368 1767 432 1829 se''
413 1787 448 1828 us
465 1765 645 1847 superiorem
662 1765 766 1829 sorcin
778 1787 826 1844 eo,
840 1767 921 1849 quod
934 1769 1035 1846 docet,
1053 1767 1224 1846 pollicetur
1245 1763 1338 1836 Hane
1420 1769 1421 1772 ’

368 1853 466 1941 igitui·
490 1849 675 1914 invidiam
662 1875 679 1913 a
703 1851 730 1913 se
759 1851 871 1916 Cicero
897 1853 1026 1917 artificio
1041 1855 1174 1938 quodam
1190 1853 1336 1938 remouit,

369 1961 480 2026 quum,
493 1937 545 2002 sub
558 1937 689 2022 personis
702 1937 740 2003 L
753 1939 866 2004 Licinii
878 1940 1009 2006 Crasiret
1019 1939 1068 2004 M.
1082 1929 1334 2018 AntoniiNepo·

368 2027 423 2107 tis,
438 2045 593 2091 oratorum
610 2027 767 2108 superioris
780 2032 887 2092 eaecurt
902 2031 1088 2113 principum,
1104 2029 1153 2091 sua
1140 2051 1186 2090 m
1203 2029 1239 2090 de
1257 2025 1332 2094 Elo-

369 2117 496 2199 quentia
509 2115 687 2184 sententiam
702 2117 877 2194 explicavit.
914 2119 969 2180 llis
984 2119 1102 2182 senibus
1118 2119 1216 2180 duos
1203 2138 1336 2217 juvenes

369 2207 534 2286 sorumquc
557 2205 608 2266 vix
639 2201 794 2292 ingressos,
817 2205 943 2269 Cottam
959 2225 990 2270 er
999 2205 1187 2308 Suspiriirm,
1203 2203 1335 2266 comites

371 2289 534 2380 adjunxit:
554 2291 716 2373 prudenter
730 2294 872 2376 quidem,
891 2293 944 2378 nist
957 2296 1039 2360 euim
1057 2297 1179 2356 iuliane
1195 2293 1332 2395 disputa·

370 2383 486 2444 tionem
503 2374 649 2446 venissent
668 2375 772 2454 Senes,
797 2383 898 2444 minus
925 2383 1112 2445 auctoritatis
1128 2379 1331 2466 etgravitatis

368 2469 571 2545 haberentet,
588 2489 657 2551 quae
667 2489 920 2550 praeciperentur
939 2491 968 2533 et
982 2467 1178 2552 nierurenes
1189 2467 1331 2537 adessent.

369 2559 466 2640 quiet
480 2557 620 2619 audiendi
636 2555 741 2638 cupidi
754 2555 857 2628 essent,
873 2575 904 2620 er
916 2561 1052 2622 nondum
1070 2559 1138 2620 saris
1156 2557 1237 2619 usus
1222 2550 1333 2622 sorensi

370 2645 523 2720 instruor,
555 2643 647 2706 Senes
663 2667 726 2708 nou
744 2645 906 2736 potuissent
922 2649 1005 2710 hunc
1022 2647 1188 2710 sermonem
1205 2639 1289 2710 sine
1283 2667 1332 2707 rn-

370 2736 520 2816 eptiarum
537 2731 664 2796 crimine
681 2727 846 2796 instituere.
873 2731 964 2809 Vide,
982 2735 1072 2818 quim
1085 2736 1208 2818 elegans
1225 2733 1260 2796 stt
1275 2757 1330 2800 ex—

369 2819 491 2887 ordium
505 2819 715 2902 disputationis
729 2844 743 2884 :=
761 2819 925 2884 Artificum
941 2840 1050 2884 crater
1068 2822 1182 2886 levium
1200 2821 1333 2892 Greco-

369 2931 438 2974 rum
462 2903 647 2986 Rhetorum,
665 2908 692 2970 se
704 2909 741 2970 de
757 2906 944 2992 Eloquentia
964 2909 1098 2972 didluros
1113 2907 1168 2972 else
1185 2909 1346 2991 profiteri..

370 2999 414 3064 Hi
431 2997 524 3073 senes,
548 3012 579 3058 et
595 2995 720 3082 ingenui
736 3013 767 3058 et
782 2997 813 3060 in
827 2997 909 3100 Rep.
924 2998 1043 3076 versati,
1061 3021 1137 3074 non,
1162 2997 1215 3062 nist
1232 2999 1331 3072 sortu-

370 3089 427 3166 itn,
444 3085 474 3148 in
489 3085 568 3148 banc
584 3083 838 3186 disputationem'
831 3088 993 3162 incidunt,
1016 3085 1092 3148 nibil
1110 3088 1145 3148 de
1159 3087 1184 3148 se
1202 3091 1331 3172 promit-

370 3191 453 3250 tunt,
471 3174 517 3235 sed
534 3171 620 3234 cursu
646 3169 809 3250 orationis,
833 3174 878 3235 vel
896 3177 963 3238 casu
947 3173 1088 3256 upotitis
1105 3177 1137 3236 iu
1154 3175 1332 3250 Rhetoricae
1349 3163 1353 3200 ²

368 3283 491 3344 campos
507 3263 680 3326 incurrunt.
705 3259 813 3325 Necio
827 3262 959 3362 personis
970 3259 1076 3339 solum,
1093 3261 1183 3326 sedin
1196 3263 1266 3330 loco
1277 3259 1330 3332 de·

369 3372 476 3414 corum
494 3349 588 3412 servat
604 3347 738 3412 Cicero.
772 3347 931 3413 nonenim
947 3346 1066 3428 Romae,
1084 3349 1128 3414 sed
1146 3375 1209 3418 rurt
1201 3355 1330 3440 '·dispu

369 3454 458 3515 tant3
475 3461 537 3500 non
554 3439 584 3498 in
603 3437 685 3499 urbis
700 3439 917 3519 occupatione,
934 3437 986 3501 ubi
998 3433 1188 3522 mollioribus
1205 3440 1252 3508 his
1269 3381 1330 3509 tlu-

368 3529 426 3592 diis
443 3485 470 3590 se
491 3525 597 3588 dedere
613 3545 675 3588 non
692 3525 776 3606 licet,
801 3525 825 3589 s
830 3525 878 3588 d
871 3547 903 3588 tn
919 3529 983 3588 otio
1001 3509 1126 3590 recessus
1142 3523 1333 3634 Tusculani,

369 3635 432 3702 quo
449 3613 688 3698 proficiscentem
706 3637 787 3677 curae
805 3610 924 3700 Reique
937 3611 1070 3698 publicae
1091 3621 1214 3706 negotia
1238 3623 1332 3694 etiam

366 3724 438 3768 cum
455 3703 605 3765 botrorum
623 3704 710 3764 venia
726 3723 786 3765 nun
804 3701 1007 3788 sequuntur,

409 3786 446 3856 ln
464 3789 562 3873 primo
585 3789 664 3852 libro
688 3791 849 3874 quaeritur,
880 3814 949 3874 quae
976 3789 1011 3856 srt
1039 3795 1168 3856 oratoris
1192 3796 1347 3878 materia,

279 3925 284 3930 -
367 3901 497 3966 quaeque
513 3895 590 3940 artes
606 3875 1218 3964 srntilliadcognocendumnecellarrae
1238 3882 1331 3950 Cras·
1396 3892 1401 3906 “

369 3971 429 4047 sus,
444 3969 532 4054 cujus
550 3967 579 4028 in
597 3965 722 4048 persona
736 3967 908 4048 explicatur
924 3967 1022 4052 ipsius·
1032 3967 1225 4035 Ciceroniss
1210 3972 1331 4038 senten

368 4059 422 4132 tia,
446 4054 613 4138 perfeetum
624 4071 774 4122 oratorem
792 4055 981 4132 instituit,
955 4079 1045 4140 eique
1063 4061 1201 4122 omnium
1219 4064 1332 4127 arrium

367 4141 579 4236 eoguitionem
594 4143 752 4233 subjungit
769 4169 777 4210 ι
794 4143 925 4236 singulas
941 4149 1103 4228 percurrit,
1120 4149 1288 4232 probatque
1304 4168 1334 4213 et

1185 4239 1334 4323 exemplis
