2864 4732
191 457 287 558 150

533 409 1037 520 DeORATone

308 599 427 680 opus;
468 571 544 665 sed,
575 589 619 650 ut
650 555 771 650 homo
801 571 926 680 neque
958 569 1108 662 doetus,
1140 595 1266 677 neque

307 681 476 762 maximi
496 701 604 788 aptus
621 679 665 760 ad
686 678 906 774 dicendum,
925 680 1019 758 ficut
1039 678 1178 787 potuit,
1197 681 1269 758 do·

306 791 422 872 lavit:
442 792 537 872 vicit
556 813 699 886 tamen,
723 809 767 868 ut
787 790 894 885 dicis,
914 789 1136 897 superiores,
1182 789 1270 869 Mi-

305 901 411 982 nime
431 903 594 997 mirum,
617 900 743 1011 inquit
756 900 969 996 Antonius,
992 901 1018 980 fi
1038 901 1108 980 ista
1127 929 1184 979 res
1200 897 1269 979 ad·
1302 977 1305 982 .

305 1013 384 1092 hue
414 1013 540 1094 nostrie
569 1012 702 1120 lingui
730 1010 918 1095 illustrata
947 1009 1121 1092 nonest:
1150 1039 1270 1090 nemo

305 1126 414 1220 enirn
430 1125 553 1207 studet
566 1121 799 1232 eloquentiae
812 1120 1030 1202 nostrorum
1042 1123 1269 1214 hominum,

306 1233 374 1314 nisr
394 1257 438 1313 ut
457 1234 499 1312 in
518 1233 648 1314 caustis
669 1252 782 1341 atque
803 1232 842 1310 in
864 1235 948 1313 foro
968 1236 1137 1312 eluceat:
1167 1233 1271 1338 apud

304 1345 467 1425 Graecos
481 1343 914 1452 autemeloquentiffirni
928 1341 1119 1438 hominen,
1128 1341 1270 1423 rernoti

304 1453 477 1540 icauffis
497 1455 722 1548 ferentibus,
745 1456 902 1532 eumad
924 1474 1074 1534 eaeteras
1095 1481 1151 1532 res
1171 1452 1269 1532 illu-

305 1565 410 1668 stret,
443 1588 530 1646 tum
550 1567 596 1646 ad
620 1564 856 1646 scribendam
878 1563 1079 1645 historiam
1099 1563 1269 1648 maxime

305 1675 341 1766 se
362 1679 659 1786 applicaverunt.
694 1675 878 1783 Namque
898 1695 935 1754 et
952 1675 1198 1757 Herodotum
1218 1675 1269 1754 il-

291 1792 406 1888 ium,
421 1788 489 1896 qui
505 1787 680 1895 princeps
695 1813 816 1892 genus
832 1785 907 1866 hoc
922 1785 1088 1880 ornavit,
1104 1786 1144 1864 in
1157 1785 1269 1866 caus·

305 1899 350 1976 fis
366 1897 466 1978 nihil
482 1896 646 1977 omnino
661 1893 853 1974 versatum
868 1894 940 1976 effe
953 1897 1190 2004 accepimus:
1207 1919 1269 1976 at-

305 2009 372 2117 qui
385 2009 490 2088 tenti
501 2006 555 2086 est
570 2003 801 2114 eloquentifi,
821 2027 866 2084 ut
882 2036 944 2086 me
957 2008 1129 2115 quidem,
1144 2036 1270 2118 quan-

305 2139 393 2197 tum
423 2147 495 2226 ego
524 2113 825 2212 Graece⁸scripta
851 2117 1077 2227 intelligere
1098 2119 1266 2228 poss‘urn,

222 2245 223 2253 ’
304 2256 536 2338 magnopere
549 2227 723 2306 detenet.
756 2228 810 2306 Et
829 2229 912 2334 post
930 2227 1043 2308 illum
1058 2229 1269 2334 Thucydi-

305 2341 370 2420 des
386 2367 521 2422 ornnes
537 2336 687 2418 dicendi
704 2337 879 2432 artificio,
892 2367 977 2418 men
993 2338 1188 2433 sententia,
1209 2341 1268 2420 fa-

306 2449 378 2530 cile
390 2449 505 2531 vicit:
527 2449 594 2560 qui
615 2449 667 2528 ita
682 2449 877 2528 creberest
893 2479 1020 2530 rerum
1040 2450 1269 2560 frequentia,

305 2582 350 2658 ut
371 2564 575 2641 verborum
603 2587 720 2666 prope
751 2587 960 2641 numerum
991 2561 1271 2642 sententiarum

306 2701 471 2756 numero
486 2669 756 2777 consequatur3
778 2670 830 2749 ita
844 2671 956 2778 porri]
968 2672 1091 2750 verbis
1107 2693 1218 2780 aptus
1231 2693 1271 2750 et

306 2779 464 2889 prestun,
496 2801 539 2858 ut
569 2777 725 2871 nesciae,
758 2777 891 2860 utrum
911 2809 978 2860 ¹res
1004 2783 1188 2877 oratione,
1219 2812 1270 2864 an

305 2893 420 2972 verba
440 2888 634 2972 sententiis
655 2887 906 2976 illustrentur.
948 2892 1073 3002 Atqui
1093 2921 1140 2972 ne
1160 2895 1270 2974 hunc

226 3064 229 3070 .
307 3003 478 3111 quidem,
493 3027 732 3123 quamquam
744 2999 797 3078 est
810 3000 851 3080 in
864 3003 1077 3127 Republica
1089 3005 1271 3099 versatuS,

306 3143 353 3194 ex
365 3141 528 3194 numero
542 3138 758 3218 accepimus
770 3139 917 3207 eorum,
930 3141 998 3221 qur
1013 3121 1021 3147 ¹
1036 3115 1177 3196 causs'as
1188 3117 1271 3197 dic.

307 3226 492 3316 titnrunt3
520 3244 557 3302 et
586 3219 794 3303 hos‘libr'os
814 3245 901 3302 turn
921 3223 1094 3332 scripsrsse
1115 3226 1271 3322 dicitur,

308 3331 398 3415 curn
414 3335 434 3414 ὲ
449 3333 661 3441 Republica
677 3354 861 3427 remotus,
881 3354 1007 3444 atque,
1023 3336 1063 3415 id
1076 3339 1179 3446 quod
1198 3367 1269 3445 op.

298 3445 408 3546 ‚timo
426 3443 566 3554 cuique
581 3440 748 3522 Athenis
768 3445 936 3526 accidere
956 3445 1113 3528 solitum
1132 3447 1201 3542 est,
1225 3450 1266 3530 in

1090 3559 1275 3650 'extilium¹

307 3686 374 3743 ratio
384 3683 493 3738 orch'ncm
505 3693 636 3758 temporum
647 3682 773 3761 infinirat,
790 3675 1041 3760 ¹frequentativum,
1051 3697 1081 3740 ut
1090 3701 1153 3740 curn
1166 3683 1271 3741 Grum-¹

310 3773 433 3846 rqgrionum
443 3769 631 3844 descriptionem.
804 3769 907 3828 maricis
939 3771 1042 3846 loquar.
1093 3767 1271 3848 Thucydides

298 3915 302 3924 ,
355 3877 365 3912 1
387 3863 480 3933 caufflrs
500 3855 692 3930 Amicorum]
718 3855 736 3914 i.
750 3875 774 3916 e.
804 3851 886 3911 fertur
900 3854 1081 3932 Pyrilarnpern
1106 3851 1271 3928 injudicio,

299 3935 463 4015 ,frequenter
472 3940 710 4011 caussasdixerunt,
722 3941 775 4000 five
804 3940 907 3999 Pericle
919 3939 1064 4011 accurrente,
1086 3939 1208 3998 oratione
1219 3939 1270 3997 de-

311 4025 341 4088 id
354 4045 453 4084 munus
465 4027 494 4082 in
508 4027 535 4084 se
547 4027 724 4104 susceperunt,
744 4041 774 4086 ut
805 4026 915 4086 tendisse
921 4051 928 4094 ;
950 4027 994 4084 sed
1010 4028 1109 4086 caunas
1123 4047 1179 4084 non
1199 4025 1271 4104 saepe

312 4133 363 4194 pro
380 4111 473 4170 amicis
485 4113 661 4172 ordientibus
675 4115 773 4174 caetras
802 4113 867 4194 egit,
889 4115 909 4172 st
923 4112 1039 4173 historie
1053 4113 1118 4173 fides
1128 4112 1176 4170 est.

312 4198 440 4268 dicerent.
471 4199 603 4266 Didirare
614 4200 651 4272 est
662 4201 773 4260 verbum

1172 4283 1277 4370 ,siref
