2864 4732
262 388 357 454 112

609 355 1115 452 DnORnrons

385 498 462 582 hoc
482 486 740 607 saepe'audivi
772 501 864 582 cum
884 501 1109 582 aedilitatem
1129 501 1174 583 P.
1187 501 1345 586 Crassus

379 631 536 718 peteret,
550 639 719 720 eumque
735 615 856 721 major
867 631 972 705 natu,
988 613 1106 692 etiam
1121 613 1345 710 consularis

379 722 532 802 Servius
547 723 680 802 Galba
690 721 940 816 adestaretur,
959 724 1062 832 qudd
1081 724 1199 804 Crassr
1218 725 1346 806 filiam

381 833 428 913 C.
446 832 527 914 filio
546 831 613 912 suo
629 831 891 940 despondisset,
910 833 1090 913 accessisse
1103 837 1149 914 ad
1164 834 1347 916 Crassum

381 944 602 1046 consulendi
622 941 746 1022 caussa
764 946 959 1054 quendam
983 943 1246 1055 rusticanum:
1275 947 1345 1056 qui
1427 965 1428 1048 l

380 1051 475 1136 cdm'
491 1053 669 1134 Crassum
687 1053 899 1149 seduxisset,
929 1074 1043 1170 atque
1062 1058 1109 1134 ad
1128 1082 1220 1134 eum
1241 1081 1346 1136 retu·

378 1163 492 1258 sisset,
538 1163 834 1274 responsumque
873 1165 919 1244 ab
959 1193 1006 1246 eo
1034 1195 1170 1246 verum
1199 1167 1343 1278 magis,
1427 1193 1428 1198 ‘

227 1280 234 1294 ⁸
313 1373 315 1379 A
379 1273 498 1474 pudm
517 1276 564 1354 ad
583 1275 691 1356 suam
705 1303 787 1354 rem
807 1277 1147 1356 accommodatum
1165 1277 1345 1359 abstulis-

396 1406 456 1479 et;
484 1406 528 1464 ut
548 1415 639 1466 eum
654 1377 802 1466 tristem
811 1387 946 1472 ‚Galba
965 1386 1074 1482 vidit,
1094 1387 1254 1468 nomine
1275 1418 1343 1497 ap·
1427 1427 1428 1498 3

380 1497 552 1602 pellant,
584 1497 845 1612 quaefivitque,
873 1526 948 1606 qua
968 1498 1014 1577 de
1039 1526 1078 1576 re
1097 1499 1144 1576 ad
1163 1497 1345 1581 Crassum

322 1605 327 1616 “
381 1607 586 1688 retulisset:
615 1636 754 1731 ex'quo
768 1627 812 1686 ut
832 1605 992 1700 audivit,
1010 1609 1345 1720 commodumque
1427 1703 1428 1710 ἵ

382 1736 427 1796 ut
446 1717 542 1796 vidit
562 1718 783 1812 hommem,
807 1707 1187 1828 Suspeirso‚''i11quit‚
1210 1719 1345 1802 animo

339 1829 344 1839 “
381 1845 420 1906 et
446 1848 630 1934 occupato
650 1825 827 1907 Crassum
852 1828 924 1908 tibi
956 1821 1179 1936 respondisse
1207 1829 1343 1924 video:
1427 1847 1428 1864 ¹

384 1936 521 2016 deinde
550 1935 676 2044 ipsdm
696 1935 873 2016 Crassum
893 1967 1010 2018 manu
1039 1939 1257 2046 prehendit,
1286 1963 1343 2036 et,
1427 1949 1428 2006 l

382 2045 493 2126 Heus
505 2066 561 2142 tu,
579 2047 720 2158 inquit,
731 2047 825 2157 quid
840 2049 910 2128 tibi
926 2050 966 2128 in
979 2069 1152 2158 mentem
1162 2052 1270 2132 venit
1290 2052 1347 2133 ita
1427 2069 1428 2082 ¹

383 2155 622 2264 respondere?
650 2159 761 2239 Tum
777 2159 844 2236 ille
860 2157 1031 2256 fidenter,
1052 2163 1173 2242 homo
1191 2161 1342 2272 peritis·-

381 2268 510 2364 fimus,
539 2269 780 2363 confirmare,
808 2267 862 2348 ita
886 2271 923 2350 se
942 2299 1024 2351 rem
1043 2272 1195 2367 habere,
1223 2292 1268 2352 ut
1286 2303 1347 2354 re·

381 2377 597 2488 spondisset‚
616 2410 688 2462 nec
702 2379 867 2462 dubium
881 2379 953 2460 esse
968 2381 1082 2490 posse.
1129 2383 1257 2464 Galba
1276 2399 1346 2464 au-

380 2511 462 2570 tem
481 2491 654 2574 alludens
670 2491 769 2602 varie
784 2511 821 2572 et
840 2491 991 2598 copiose
1003 2495 1146 2574 multas
1164 2491 1347 2576 similitu-

380 2602 487 2682 dines
501 2601 645 2696 afferre,
658 2607 858 2712 multaque
869 2630 939 2710 pro
949 2605 1128 2714 aequitate
1140 2626 1273 2687 contra
1275 2607 1347 2716 jus

338 2777 345 2794 .
382 2711 528 2792 dicere:
558 2735 670 2822 atque
690 2715 821 2810 illum,
843 2713 935 2794 clun
954 2711 1165 2797 disserendo
1183 2746 1250 2822 par
1268 2713 1346 2798 esse

241 2839 256 2891 .“
363 2835 463 2902 ‘non
488 2821 607 2928 posset
634 2822 890 2933 (quamquam
916 2824 992 2904 suit
1017 2823 1168 2924 Crassus
1198 2827 1238 2908 in
1267 2855 1346 2906 nu-

379 2959 491 3016 mero
506 2933 745 3028 disertorum,
759 2934 821 3015 sed
836 2963 903 3041 par
918 2935 1057 3018 Gatbae
1068 2936 1178 3019 nullo
1193 2938 1346 3052 modo),

147 3051 160 3112 ’.
188 3125 198 3138 ,
285 3119 287 3122 ,
380 3042 429 3122 ad
447 3047 619 3126 austures
640 3043 865 3154 confugisse,
893 3065 930 3125 et
949 3045 1006 3142 id,
1026 3047 1130 3158 quod
1149 3045 1346 3156 ipsedice'·

1168 3203 1172 3210 ·
1267 3163 1344 3276 ret,
1427 3201 1428 3224 i

378 3344 579 3406 ditaternetres
587 3346 844 3406 hereditariascom-
875 3345 992 3405 venitur.
1030 3347 1128 3408 Sensus
1150 3347 1207 3408 est:
1234 3349 1346 3410 Oratam
1425 3403 1426 3408 ,

378 3431 514 3510 pleslitur,
547 3449 578 3492 ut
609 3435 687 3493 docet
720 3433 846 3492 Erasmus
874 3433 930 3491 sicet
946 3438 1043 3513 impm
1062 3450 1096 3494 ,et
1117 3435 1176 3496 fine
1191 3435 1294 3498 damno
1317 3443 1346 3494 iu

379 3520 470 3598 Adag.
484 3519 560 3580 Chil.
574 3541 600 3578 v.
621 3521 701 3580 Cent.
718 3545 743 3581 2.
764 3521 846 3579 l’rov.
873 3523 1042 3598 comrovefir's
1064 3523 1084 3582 i.
1097 3543 1123 3583 e.
1149 3522 1242 3584 caussis
1272 3529 1344 3604 igno·

388 3608 432 3666 16.
874 3629 932 3664 rare
954 3627 1045 3666 onmem
1066 3607 1132 3667 hauc
1149 3624 1249 3689 partem
1259 3607 1342 3688 juris,

429 3691 448 3749 6
473 3689 546 3769 juris
578 3690 607 3750 in
644 3689 843 3765 controversus]
874 3693 909 3751 sc.
923 3695 957 3752 de
969 3693 1027 3772 quai
1039 3695 1256 3772 dubiumefflm
1263 3701 1343 3776 poffit,

381 3777 533 3856 Lambinus
552 3777 620 3857 legit
630 3776 703 3855 juris
725 3784 846 3838 incontra·
873 3797 901 3838 et
914 3781 944 3838 in
954 3783 1009 3860 qual
1012 3779 1117 3858 juda-ia
1129 3785 1199 3842 nulla
1200 3784 1273 3858 stant·

380 3865 454 3940 verst,
483 3883 602 3944 cumque
627 3885 722 3923 omnes
749 3863 847 3922 deinde
916 3888 930 3945 7
964 3892 1011 3927 um
1039 3873 1077 3932 est
1100 3869 1197 3946 rdffiiile
1220 3872 1342 3950 orarm‘,]

382 3947 611 4008 editionessecutae
621 3951 693 4010 sunt:
706 3949 749 4009 sed
759 3949 846 4009 libens
875 3957 982 4016 Turbat
991 3957 1044 4017 loci
1055 3959 1160 4018 sensum
1170 3960 1279 4038 vulgata
1289 3977 1344 4020 vox

381 4051 442 4090 eam
454 4033 598 4093 sessionem
615 4055 722 4108 revoco,
742 4055 804 4116 quae
817 4035 848 4100 in
874 4045 925 4117 effe,
946 4045 1010 4107 cum
1032 4047 1102 4106 nihil
1118 4046 1156 4105 est
1167 4047 1273 4120 caussae,
1291 4063 1341 4108 eur

334 4121 338 4126 ’
370 4116 651 4208 ,οωιιὶῢυχΜὸῑίεοῑ
662 4136 716 4182 vet.
730 4120 790 4182 cod.
804 4121 847 4182 in·
875 4127 907 4188 fit
925 4129 1009 4190 Medi
1032 4131 1184 4194 lofinirlvi:
1203 4133 1343 4196 tmere·

1292 4235 1346 4300 m,
1427 4317 1428 4332 r
