2870 4728
356 385 668 493 ernnI.
728 425 804 526 32.

111 567 198 624 cere
211 539 408 650 juberent,
427 543 453 621 sr
472 542 559 652 quis
578 543 672 652 quid
690 539 899 654 quaereret?
927 543 1047 644 Quod

111 653 291 761 primurn
303 653 432 734 ferunt
444 653 689 736 Leontinum
701 653 827 735 secisse
839 653 1047 764 Gorgiam,

110 764 183 875 qui
202 787 461 873 permagnum
475 764 660 875 quiddam
675 764 858 872 suscipere
873 794 916 846 sc
928 767 1044 872 profi-

111 874 188 956 teri
206 873 420 970 videbatur,
439 876 532 958 cum
550 873 587 956 se
607 877 653 956 ad
672 877 821 972 omnia,
843 877 1044 986 dequibus
1072 927 1085 944 ·

111 984 275 1102 quisque
300 985 430 1066 audire
455 987 585 1080 vellet,
604 985 675 1068 efle
695 1007 872 1094 puratum
897 987 1046 1069 denunss

111 1097 238 1178 tiaret.
279 1095 415 1178 Postea
432 1096 523 1180 verd
541 1077 661 1206 vusgd
680 1097 755 1180 hoc
775 1099 897 1182 facere
917 1127 1046 1207 coepe·-v

113 1227 225 1301 runt‚
239 1207 431 1318 hodieque
451 1208 621 1303 faciunt3
647 1230 692 1290 ut
711 1211 821 1290 nulla
838 1209 883 1290 srt
898 1226 956 1290 r'es
975 1238 1047 1292 ne-

111 1346 192 1430 que
207 1338 328 1414 tanta,
351 1347 474 1429 neque
493 1339 575 1398 tam
594 1319 811 1427 improvisa,
826 1348 951 1429 neque
962 1340 1043 1401 tam

112 1458 234 1524 nova,
256 1430 329 1510 ³de
347 1459 423 1541 qua
442 1429 478 1510 se
498 1458 577 1512 non
592 1431 740 1524 omnia,
761 1459 848 1540 quae
867 1431 943 1512 dici
963 1431 1048 1538 pos·

111 1541 217 1633 sunt,
250 1540 502 1648 profiteantur
531 1539 605 1620 esse
637 1541 817 1622 dicturos.
874 1541 1047 1642 Quddss

111 1671 171 1746 tc,
204 1651 338 1747 Cotta,
369 1652 583 1746 arbitrarer,
614 1669 679 1732 aut
712 1671 765 1746 te,
812 1651 969 1760 Sulpiti,
1001 1652 1047 1732 de

111 1762 165 1842 iis
178 1761 288 1842 rebus
307 1762 438 1844 audire
453 1765 568 1858 velle,
586 1759 822 1844 adduxissem
837 1763 916 1844 huc
931 1763 1049 1842 Grae-

110 1901 211 1953 cum
230 1873 420 1986 aliquem,
441 1881 456 1915 ⁴
473 1875 541 1984 qui
562 1902 628 1954 vos
644 1871 859 1955 istiusmodi
879 1871 1047 1982 disputa*

110 1983 288 2066 tionibus
307 1985 535 2069 detestarer:
565 1983 670 2094 quod
695 2001 868 2064 nonunt
913 1983 1048 2064 uidem

111 2093 277 2176 difficile
297 2095 400 2176 fanu
419 2095 499 2176 est:
528 2094 583 2178 est
602 2095 710 2176 enirn
730 2096 831 2204 apud
913 2153 922 2173 .
942 2093 1049 2176 Piso⁴

110 2235 225 2300 nem,
262 2206 542 2287 adolescentem
568 2209 650 2316 jam
680 2206 774 2286 huic
794 2205 921 2286 studio
940 2205 1049 2286 dedi·

110 2337 220 2412 turn,
250 2315 407 2416 summo
439 2315 646 2398 hominem
673 2315 833 2425 ingenio
852 2315 1049 2426 nostrique

109 2426 421 2536 cupidiffimum,
444 2425 720 2536 Peripateticus
740 2425 900 2519 Staseas,
924 2427 1049 2507 homo

108 2539 228 2620 nobis
246 2536 332 2620 sans
351 2537 568 2633 familiaris,
600 2555 639 2617 et
667 2537 730 2646 (ut
749 2535 849 2616 inter
867 2535 1048 2616 homines

108 2651 258 2758 peritos
287 2649 460 2731 constare
487 2649 619 2762 video)
644 2649 685 2728 in
716 2646 786 2728 illo
815 2644 882 2729 suo
909 2666 1049 2756 genere
1182 2737 1185 2746 Δ
1309 2727 1312 2736 ,

108 2761 298 2844 omnium
317 2760 506 2870 princepe.

779 2891 782 2898 ’
888 2869 1048 2968 'Quem'

156 3045 279 3123 3dequd
294 3045 489 3116 senouomnia,
501 3042 568 3118 eto]
598 3044 719 3116 unaue,
740 3055 768 3103 et
779 2999 814 3104 de
825 3043 953 3103 omnibus
966 3041 1047 3100 rebus
1083 3028 1088 3035 ⁵

1039 389 1173 528 '49

108 3131 192 3190 Msti
218 3131 313 3190 Medd.
334 3131 415 3211 Mag.
436 3147 464 3189 et
486 3129 566 3188 Harl·
597 3129 792 3208 disputationes
808 3131 968 3189 Graeconrm
981 3149 1048 3188 con·
1131 3117 1136 3129 ¹

109 3217 173 3277 duo
187 3219 289 3276 habent
300 3209 330 3276 d'e
341 3223 393 3296 qud
406 3239 464 3276 non
477 3217 504 3276 se
514 3239 565 3274 om·
599 3217 728 3276 temfiffe:
750 3237 806 3276 non
821 3215 904 3294 igitur
916 3207 1049 3284 Cursum,

109 3309 235 3376 εἰςείς.
255 3323 340 3384 quem
358 3304 503 3362 verborum
522 3322 566 3360 or·
599 3302 619 3360 fi
654 3309 738 3382 quem'
772 3303 861 3360 secum
892 3299 1049 3371 adduxisset.
1088 3349 1093 3362 .

109 3391 209 3451 dinem
217 3387 566 3448 etiamLaiubinussecutus
599 3386 713 3448 Gratus
735 3387 783 3447 iste
800 3387 959 3448 deleuaffet.
999 3385 1048 3444 Sa·¹

111 3479 171 3539 esi:
192 3475 238 3535 sed
259 3492 398 3554 uteunque
420 3476 502 3534 verba
522 3495 566 3533 ors
601 3473 671 3546 nior,
688 3473 798 3552 opinor,
811 3472 939 3532 lediioest
952 3471 1048 3533 MStoi

110 3569 203 3636 dines,
232 3562 304 3622 istud
331 3585 380 3620 non
399 3581 464 3622 cum
484 3563 568 3622 verbo
600 3579 661 3620 rum
671 3559 848 3640 Cant.Wag.
863 3559 958 3618 Mead.
968 3557 1049 3634 Mag.

104 3649 277 3733 Μαῖαν
297 3647 430 3728 conjungi
454 3648 484 3707 in
499 3669 566 3706 con·
599 3663 627 3706 et
652 3647 732 3707 Harl.
756 3647 883 3718 duorurm
910 3659 1049 3724 quamque
1083 3645 1089 3656 ’

111 3735 356 3808 strufflonedebet,
363 3755 419 3793 non
428 3755 491 3795 curn
500 3751 566 3795 voce
600 3735 753 3795 Lambinus
765 3751 793 3794 et
805 3733 919 3793 Carolus
932 3730 1048 3810 Stepha·
1063 3773 1065 3781 ,

112 3819 216 3884 smnia.'
601 3843 652 3881 nus
662 3821 866 3901 impressenrnu
881 3822 926 3898 qui
936 3815 1050 3891 rosisti*

155 3913 238 3990 4q12'
255 3929 305 3970 vos
327 3897 461 3986 {siffredi
485 3895 566 3988 dispw
600 3899 691 3985 asmodi
703 3925 755 3968 etc.
788 3905 849 3976 Vos,
871 3904 905 3962 sc.
928 3900 1049 3976 Cottarm

113 3995 251 4056 ombus
276 3995 420 4074 debean]
445 3989 448 3996 '
471 3995 568 4074 Vulgo
601 3995 798 4074 etSulpitium,
821 3992 870 4072 qui
885 3993 956 4050 hanc
973 4009 1049 4071 quae-³

113 4108 169 4157 uos,
200 4083 244 4142 sed
269 4081 376 4142 Crassus
400 4083 483 4162 paulo
506 4096 568 4139 ante
602 4084 763 4144 stiunculam
799 4079 879 4150 mihi,
919 4094 1049 4160 tanquam

115 4173 224 4235 dixerat
241 4170 268 4232 se
281 4171 375 4231 inmo
388 4169 447 4229 illas
460 4168 568 4252 quasti·
602 4169 743 4243 Groeculo,
762 4165 874 4246 ponitis·

641 4255 668 4316 E
936 4252 1054 4336 §QM
