2858 4746
303 398 564 498 lianc
605 397 669 490 Il.
720 427 799 520 50·
1081 421 1178 517 217

88 536 199 630 aetati
219 566 332 635 meae,
363 541 647 638 uthonoribus‚
676 561 722 620 ut
741 541 852 622 rebus
865 537 997 649 gestis,
1027 540 1055 626 fi

84 651 208 762 justo,
226 650 252 728 fi
267 651 333 758 pio
346 651 478 734 dolore
497 679 561 732 me
575 650 648 732 elie
663 650 845 734 affectum
863 651 1054 746 viderent,

88 761 360 857 concederent,
377 764 583 870 praesertim
599 763 624 842 fi
639 762 680 842 in
696 762 779 843 aliis
793 763 925 844 cauffis
938 763 1055 847 intel·

90 869 281 968 lexilsent,
291 875 427 954 omnia
440 901 505 954 me
520 873 666 982 semper
678 903 748 981 pro
763 873 977 958 amicorum
989 904 1055 982 pe·

91 983 244 1078 riculis,
276 983 376 1066 nihil
396 1013 584 1095 umquam
605 1013 675 1092 pro
692 1013 758 1064 mc
777 983 859 1092 ipso
877 985 1056 1092 depreca-

88 1111 196 1174 tum.
228 1093 291 1174 Sic
310 1093 351 1174 in
373 1095 440 1176 illa
457 1096 568 1176 omni
580 1097 671 1176 defe
684 1095 802 1177 asrone
817 1115 929 1206 atque
944 1097 1053 1176 caus·

89 1203 146 1298 sa,
176 1205 284 1314 quod
310 1205 385 1286 elle
412 1205 451 1286 in
471 1227 550 1286 arte
578 1124 743 1313 posrtbm
771 1205 981 1302 videbatur,
1009 1225 1055 1288 ut

87 1314 141 1394 de
160 1313 248 1424 lege
267 1314 435 1423 Apuleia
453 1317 637 1412 dicerem,
668 1337 725 1412 ut,
743 1317 839 1424 quid
866 1315 956 1396 ell'et
974 1317 1055 1398 mi·

90 1453 212 1506 nuere
230 1425 481 1520 rna'estatem,
501 1427 744 1532 explicarem,
765 1451 950 1535 perquam
968 1429 1054 1508 bre·

44 1568 50 1580 ·
88 1535 191 1618 viter
209 1455 410 1646 perlirinxi
430 1557 544 1645 atque
559 1537 683 1646 attigi.
714 1535 790 1618 His
804 1537 951 1618 duabus
969 1566 1055 1644 par·
1075 1552 1077 1560 '

88 1648 196 1728 ribus
215 1647 415 1743 orationis,
435 1675 602 1759 quarum
617 1650 735 1728 altera
753 1646 1054 1732 concitationem

88 1756 222 1854 habet,
242 1760 360 1840 altera
378 1758 776 1854 commendationem,
789 1785 878 1866 quae
890 1757 1056 1842 minime

87 1869 290 1977 praeceptis
310 1872 452 1952 artium
471 1869 558 1950 sunt
576 1868 785 1976 perpolitae,
809 1869 938 1952 omnis
956 1868 1053 1957 esti

87 2007 156 2062 me
175 1980 244 2062 illa
258 1979 382 2062 cauffa
401 1985 574 2076 tradate,
583 2000 627 2062 ut
641 2002 679 2060 et
691 1979 897 2062 acerrimus
910 1979 949 2062 in
962 1979 1052 2060 Cae·

87 2090 220 2198 pionis
237 2091 384 2174 invidia
396 2093 627 2186 renovanda,
651 2112 689 2170 et
708 2092 749 2172 in
765 2093 862 2172 meis
877 2091 1051 2173 moribus

87 2229 181 2309 erga
194 2229 304 2282 meos
318 2202 541 2286 neceffarios
555 2203 789 2284 declarandis
804 2202 1052 2287 mansuetissi-

89 2339 182 2394 mus
201 2312 360 2395 viderer.
397 2314 470 2408 Ita,
492 2314 616 2422 magis
629 2311 774 2394 affeciis
793 2313 933 2392 animis
944 2314 1051 2420 judi-

88 2451 200 2520 cum,
220 2424 340 2534 quini
368 2423 503 2518 duciis,
531 2445 611 2518 tua,
641 2423 797 2532 Sulpiti,
827 2423 882 2502 est
900 2423 921 2504 ὲ
941 2423 1052 2507 nobis
1160 2453 1167 2464 ·

87 2553 179 2616 tum
196 2536 387 2618 accusatio
404 2535 519 2616 vidia.

143 2645 225 2726 Htc
255 2646 454 2756 Sulpitius,
485 2647 586 2726 Verd
605 2644 777 2739 hercule,
808 2643 947 2756 inquit,
966 2643 1052 2726 An·
1093 2673 1131 2736 L.

88 2755 192 2852 toni,
215 2755 285 2838 ista
303 2785 608 2840 commemoras:
636 2786 727 2838 nam
747 2783 822 2865 ego
841 2756 942 2836 nihil
961 2783 1051 2838 um·
1177 2779 1181 2798 ⁸

86 2891 210 2978 quam
226 2867 322 2963 vidi,
352 2871 458 2979 quod
486 2889 568 2950 tarn
587 2868 608 2948 ὲ
627 2869 807 2950 manibus
825 2869 1051 2963 elaberetur,

86 2979 210 3088 qu'am
229 2980 328 3060 mihi
349 2999 437 3060 tum·
454 2978 508 3060 est
534 2979 655 3088 elapsa
675 2980 742 3060 illa
760 2977 896 3060 caulla.
944 2979 1072 3060 Cirm-

87 3090 211 3184 enirn,
221 3092 554 3200 quemadmodum
566 3089 705 3181 dixisti,
725 3088 795 3170 tibi
808 3118 880 3198 ego
892 3119 970 3171 non
983 3092 1049 3200 ju·

87 3199 321 3295 dicium,sed
333 3199 923 3310 incendiumtradidiffem,quod
936 3222 1051 3281 tuum

83 3311 339 3422 principium,
358 3313 411 3394 dii
431 3313 685 3407 immortales,
703 3313 802 3392 fuit?
827 3312 895 3420 qui
909 3312 1048 3392 timor?

161 3431 170 3449 '
281 3519 284 3526 A
514 3455 519 3472 1
964 3450 1052 3530 quae

128 3563 344 3639 menealne]
377 3566 472 3644 Vulgo
490 3563 557 3644 legi-
586 3562 666 3638 plna&
675 3559 804 3640 loquendi
813 3579 909 3640 gerare,
917 3559 991 3637 quod
1002 3555 1051 3616 hic

87 3663 131 3708 tur
142 3649 298 3710 nnetusbm
310 3667 384 3730 atque
396 3653 559 3710 revocabam:
587 3649 725 3718 habemussi
739 3653 832 3706 anim
841 3651 950 3725 ΨΜ
962 3641 995 3700 ²5
1009 3645 1051 3716 Q

87 3735 132 3794 sed
140 3735 203 3794 dure
218 3735 270 3794 illae
283 3737 423 3816 postremae
434 3757 512 3796 voces
526 3738 555 3796 in
585 3735 708 3813 Caepr'nn's
720 3735 802 3790 odiam
814 3731 987 3790 renovabam.
996 3727 1051 3786 Vi·

86 3821 170 3880 nullis
184 3821 273 3881 MSris
297 3823 483 3882 inveniuntur.
522 3825 557 3883 Er
585 3817 618 3876 de
630 3817 712 3876 etiam
724 3837 785 3896 cap.
801 3818 922 3893 sequare

87 3907 234 3969 commode
259 3909 344 3968 abeise
366 3909 492 3987 poll'unt3
522 3911 557 3970 fic
624 3905 858 3982 8auxilr'amsrrre
875 3925 923 3960 non
935 3903 1050 3981 postiam]

87 3991 173 4062 enirn,
194 3993 229 4052 de
252 3994 360 4056 invent.
382 3995 411 4054 ii.
431 4011 473 4074 15.
503 3996 557 4056 ciem
584 3993 625 4050 lta
648 3991 801 4052 Lambinus
830 3988 975 4067 legendum
997 3991 1051 4050 elle

86 4078 214 4136 cundram
229 4085 329 4139 animus
346 4096 393 4139 aur
415 4097 558 4141 renovatur
584 4076 679 4148 voluit,
699 4093 727 4136 et
748 4075 787 4134 ita
808 4075 951 4136 edidcnmt
965 4075 1002 4134 R·
1021 4089 1050 4134 et

87 4163 464 4246 edeqquaerqianrmtetc.
479 4167 555 4228 Idem
582 4163 727 4243 caepit.
763 4164 860 4243 Vulgo
873 4165 1039 4328 putum

910 4269 930 4330 9
1038 4291 1049 4322 ν
