2866 4740
301 278 365 370 60

614 271 711 361 DE
752 267 1117 357 Ounrouu

403 413 605 504 fohorum,
636 439 711 490 vox
744 407 1024 518 tragoedorum‚
1061 401 1188 518 gestus
1221 428 1349 510 paene

402 525 645 604 summorum
658 517 899 600 aetorumest
911 515 1349 628 requirendueQuam-

398 628 535 715 obrem
550 631 651 712 nihil
671 631 711 712 in
727 631 937 712 hominum
952 656 1090 736 genere
1110 626 1230 708 rarius
1245 652 1346 732 per-

395 747 504 838 ,feeto
520 762 669 826 oratore
686 739 849 820 inveniri
862 737 1007 848 potest:
1026 737 1245 848 quaeenim‚
1258 735 1346 814 sur-

425 857 581 936 ularum
601 882 730 932 rerum
756 853 918 931 artifices
947 849 1095 960 singula
1124 848 1151 928 fi
1177 846 1339 928 medio·
1421 871 1422 878 ’

394 885 513 1046 iriter
532 963 659 1071 adepti
679 961 778 1056 sunt,
798 963 1021 1070 probantur,
1037 955 1093 1056 ea,
1109 960 1178 1039 nili
1196 957 1344 1043 omnia

397 1077 551 1157 summa
565 1073 706 1154 suntin
722 1092 884 1166 oratore,
900 1073 1051 1180 probari
1068 1101 1146 1150 non
1159 1069 1337 1178 possunt.

398 1189 511 1268 Tum
523 1183 692 1280 Crassus,
703 1184 829 1294 Atqui
840 1183 940 1276 vide,
956 1181 1095 1294 inquit,
1112 1183 1151 1262 in
1168 1179 1341 1261 artificio
1421 1203 1422 1298 l

397 1325 584 1408 perquam
596 1293 705 1378 tenui
724 1315 762 1374 et
782 1294 875 1390 levi,
897 1314 1044 1404 quanto
1064 1294 1150 1402 plus
1172 1287 1339 1372 adhibe·
1421 1303 1422 1346 ³

398 1429 485 1490 atur
499 1407 726 1516 diligentiae,
749 1404 867 1516 quim
881 1406 922 1485 in
938 1407 1010 1485 hac
1026 1435 1081 1510 re,
1102 1432 1222 1516 quarn
1237 1431 1339 1483 con·
1421 1421 1422 1516 J

399 1517 471 1600 stat
491 1518 563 1600 elle
577 1517 803 1605 maximam.
834 1513 939 1624 Saepe
954 1517 1062 1596 enim
1083 1517 1185 1601 soleo
1200 1513 1338 1594 audire
1421 1523 1422 1580 ἓ

397 1630 598 1725 Roscium,
621 1631 712 1710 clrm
733 1629 786 1706 ita'
804 1625 920 1722 dicat,
955 1627 1001 1707 Se
1021 1626 1148 1708 adhuc
1168 1623 1335 1733 reperire

397 1741 646 1848 discipulum,
660 1765 780 1849 quem
793 1737 953 1847 quidem
964 1740 1152 1846 probaret,
1168 1735 1334 1846 potuisse

397 1851 621 1930 neminem:
651 1878 727 1928 non
744 1877 822 1960 quo
836 1877 916 1928 nou
930 1847 1047 1928 essent
1062 1850 1222 1961 quidam
1237 1876 1333 1960 prof

399 1961 556 2056 habiles,
576 1958 638 2039 sed
657 1959 763 2070 quia,
785 1959 811 2038 sr
832 1959 979 2072 aliquid
994 1959 1212 2043 moddeslet
1226 1959 1331 2054 vitii,
1421 2003 1422 2014 ¹

397 2183 557 2292 insigne,
573 2201 737 2261 nectam
752 2181 799 2262 ad
818 2181 1113 2262 diuturnitatem
1126 2181 1332 2263 memoriae

343 2367 346 2388 ,
398 2293 543 2388 stabile,
563 2292 681 2404 quim
702 2291 755 2386 id,
789 2293 828 2370 iu
848 2322 926 2404 quo
942 2293 1087 2403 aliquid
1107 2291 1331 2374 offenderis,

1421 1657 1422 1752 l

397 2071 438 2154 id
458 2073 553 2151 ferre
573 2069 649 2180 ipse
665 2099 744 2151 non
764 2069 905 2178 posset:
934 2070 1035 2151 nihil
1050 2071 1105 2151 est
1120 2071 1228 2152 enim
1247 2091 1333 2180 tam

399 2405 545 2516 ltaque,
566 2426 609 2485 ut
629 2405 674 2484 ad
696 2404 795 2483 hanc
815 2403 1108 2484 sunilitudiuem
1128 2405 1243 2514 hujus
1265 2403 1330 2484 hi-

398 2515 550 2596 slrionis
572 2515 780 2597 oratoriam
800 2515 954 2593 undem
975 2513 1201 2624 dirigamus,
1224 2516 1333 2594 vide-

396 2625 506 2719 tisne,
525 2627 643 2734 quim
660 2625 760 2704 nihil
780 2625 826 2705 ab
847 2654 905 2718 e0‚
935 2623 1002 2705 nisi
1023 2626 1203 2734 perfodiri,
1226 2625 1331 2708 nihil

399 2736 468 2830 nisi
489 2765 586 2814 curn
612 2737 763 2815 summu
784 2737 979 2816 venustate
1003 2735 1096 2817 fiat?
1126 2737 1229 2816 nihil
1256 2739 1330 2818 nisr

399 2847 467 2940 ita,
503 2865 546 2926 ut
567 2849 709 2940 decent,
740 2867 778 2926 et
806 2847 863 2926 uti
882 2876 1018 2927 omnes
1039 2869 1193 2928 moveat
1213 2869 1330 2959 atque

398 2959 559 3036 delectet
572 2959 598 3036 ?-
614 2957 747 3084 Itaque
764 2961 838 3037 hoc
850 2958 1002 3066 jamdiu
1018 2959 1072 3038 est
1088 2959 1329 3054 consecutur,

400 3091 452 3162 ut,
473 3067 512 3146 in
528 3099 606 3179 quo
625 3069 784 3179 quisque
804 3067 966 3149 artificio
988 3073 1201 3165 excelleret,
1235 3073 1265 3150 is
1285 3072 1328 3152 in

396 3179 463 3258 suo
493 3209 632 3288 genere
662 3178 820 3260 Roscius
851 3179 1051 3261 diceretur.
1109 3182 1223 3262 Hanc
1254 3213 1326 3292 ego

397 3289 678 3372 absolutionem
709 3289 1065 3402 perfeetionemque
1103 3292 1143 3380 iu
1177 3315 1326 3375 oratore

396 3401 621 3497 defiderans,
653 3403 768 3512 {iqua
798 3399 874 3508 ipse
899 3403 1015 3510 longe
1045 3403 1193 3498 absum,
1226 3407 1324 3486 facio

397 3514 661 3621 impudenter:
683 3513 782 3592 mihi
798 3512 905 3592 enim
921 3515 1188 3623 volo‘iguosch
1211 3538 1323 3596 eaete-

395 3625 444 3704 ris
465 3625 541 3734 ipse
560 3653 639 3704 non
660 3622 829 3734 ignosco.
873 3623 981 3704 Nam
996 3627 1063 3736 qui
1083 3655 1162 3708 non
1181 3627 1321 3734 potest,
1421 3637 1422 3688 ἶ

395 3737 462 3846 qui
483 3735 620 3818 vitiose
640 3737 747 3864 sacis,
778 3763 898 3846 quem
908 3735 1078 3848 'denique
1097 3768 1176 3821 non
1196 3739 1320 3836 decet,

1218 3850 1323 3930 hunc

434 3991 452 4047 6
476 4011 537 4048 rurus
552 3991 751 4069 paterfann'liar]
774 3992 838 4050 Vox
874 3993 1013 4062 mullorum,
1029 4008 1057 4050 ut
1070 4015 1131 4052 cum
1153 3993 1272 4054 Horatio
1284 3994 1323 4052 lo-

392 4101 453 4135 ures
462 4077 839 4161 hicvideturlignisicareunus
874 4101 953 4159 quan
971 4097 1088 4140 autemus
1099 4081 1111 4142 ἓ
1122 4105 1229 4141 nurnero.
1247 4081 1323 4139 Idern

1253 4169 1324 4226 valet
