2858 4746
389 403 615 498 ·L1unn
664 403 725 496 II.
776 407 854 526 63.
915 457 918 464 ⁴
1119 431 1213 526 245

131 541 260 624 noster
275 569 378 622 error
392 544 511 640 risum
531 564 673 626 movet.
702 548 819 646 Qudd
839 549 864 626 fi
881 545 1090 628 admistum

129 653 185 733 est
200 655 320 733 etiam
335 655 435 734 amb'
479 683 574 748 tum,
594 655 637 733 fit
653 655 799 740 salsius:
819 679 861 738 ut
877 659 976 764 apud
994 657 1088 736 Nae·

126 764 241 844 vium
248 766 397 844 videtur
409 683 481 846 elii
493 765 703 844 misericors
713 767 859 880 ille,qui
868 770 1088 878 judicatum

127 875 219 955 duci
238 875 356 966 videt,
386 880 653 983 pereundatus
673 876 737 970 ita,
1143 886 1172 898 ”

184 995 532 1102 Qantiuddidlur?
563 998 656 1078 mille
673 998 862 1078 nummrim.

127 1117 169 1198 Si
190 1119 386 1201 addidiss'et
400 1122 688 1212 tantummodo,
703 1119 810 1199 ducar
828 1122 920 1213 licet,
935 1119 1025 1200 elset
1040 1118 1087 1198 il·
1102 1097 1103 1102 Ἰ

126 1230 197 1309 lud
209 1259 331 1340 genus
346 1231 498 1312 ridiculi
513 1251 648 1341 praeter
663 1231 1005 1338 exspectationum
1025 1229 1086 1311 sed

127 1341 220 1450 quia
239 1341 401 1436 addidit,

183 1465 362 1526 --³
383 1459 498 1542 Nihil
513 1459 617 1556 addo,
645 1459 753 1574 dacer
772 1462 865 1554 licet,

125 1591 258 1674 addito
269 1593 466 1704 ambiguo,
475 1595 593 1674 altero
608 1619 747 1702 genere
762 1591 926 1686 ridiculi,
938 1593 1013 1672 fuit
1026 1593 1088 1702 (ut

125 1701 230 1784 mihi
249 1704 408 1812 quidem
426 1704 596 1816 videtur)
623 1702 846 1783 salfi'ffimus.
893 1703 981 1783 Hoc
1000 1724 1088 1784 tum

126 1813 183 1894 est
199 1812 517 1909 venustiffimum,
532 1813 623 1894 edm
636 1814 678 1893 in
694 1813 940 1894 altercatione
956 1815 1088 1920 arripi-

123 1946 192 2005 tur
211 1927 257 2004 ab
278 1925 486 2005 adversario
501 1925 676 2020 verbum,
705 1944 743 2002 et
762 1953 808 2003 ex
827 1953 884 2017 eo,
903 1945 948 2004 ut
966 1927 987 2005 ὲ
1007 1925 1086 2004 Ca-

125 2039 214 2116 tulo
229 2035 268 2114 in
283 2034 524 2144 Philippum,
540 2035 581 2115 in
597 2063 687 2114 eum
704 2033 827 2141 ipsum
843 2035 1004 2146 aliquid,
1019 2034 1087 2146 qui

124 2146 322 2240 lacelfivit,
342 2147 543 2256 infligitur.
574 2146 663 2240 Sed,
681 2145 774 2224 edm
793 2148 902 2253 plura
916 2145 988 2224 fint
1003 2175 1087 2226 arn-

124 2257 237 2366 bigui
251 2265 405 2368 genera,
426 2259 472 2337 de
491 2255 631 2364 quibus
646 2253 699 2334 est
722 2256 893 2334 doctrina
911 2257 1089 2364 quaedam

125 2368 315 2462 subtilior,
336 2369 527 2448 attendere
546 2386 584 2445 et
604 2365 782 2470 aucupari
801 2367 915 2444 verba
934 2387 1086 2472 oporte.-

125 2481 207 2560 bit:
236 2479 275 2558 in
296 2507 390 2586 quO,
413 2498 456 2558 ut
476 2507 532 2570 ea,
555 2503 642 2584 quae
662 2474 734 2553 lint
754 2469 965 2582 frigidiori,
989 2475 1088 2554 vite-

123 2617 214 2669 mus
233 2588 397 2698 (etenim
411 2579 626 2668 cavendum
639 2585 707 2679 est,
727 2614 775 2665 ne
792 2583 1005 2666 arccffitum
1025 2585 1087 2664 di·
1157 2583 1168 2590 “

124 2705 235 2782 &um
246 2697 630 2812 putetur),permulta
641 2695 886 2777 tamenacutd
896 2696 1082 2776 dicemus·

902 2807 1088 2888 Alterum

125 3002 251 3082 margine
269 2999 344 3060 MSti
362 2999 440 3059 Harl.
453 3021 478 3058 2.
499 3019 592 3058 occur·
604 2998 608 3082 l
620 2980 766 3078 posteriorc
793 2999 866 3068 veru,
901 2997 929 3054 id
953 3019 1008 3055 non
1035 2995 1087 3054 elle

124 3105 190 3148 runt
211 3091 270 3147 haec
292 3090 383 3157 verba,
411 3085 594 3164 Corfixumaest
620 3083 899 3164 aequipnrandumsex
913 3083 972 3143 aliis
993 3083 1084 3152 mntis,

120 3197 199 3255 genus
211 3176 277 3254 epuli
291 3175 362 3253 apud
376 3173 515 3230 Plautum:
534 3175 594 3229 Au·
619 3171 663 3230 seu
675 3170 759 3248 plutis
772 3171 859 3226 valere
877 3169 962 3245 quirin
976 3166 1087 3224 sextilia

123 3266 180 3321 Hor
199 3259 242 3320 hir
259 3261 353 3318 deridet
374 3281 428 3316 eum
447 3259 518 3338 quast
530 3259 595 3316 male*
620 3273 702 3327 tanta,
724 3256 840 3334 ideoque
862 3254 914 3312 elle
933 3252 1009 3310 valde
1024 3272 1085 3331 pre·

124 3349 257 3428 loquentem
273 3363 298 3404 et
317 3343 483 3421 medicantem
495 3345 594 3402 verda:
621 3343 729 3402 ciosum.

123 3433 549 3514 VideetiamJan.Parthalium
563 3431 593 3490 in
662 3451 677 3506 3
698 3427 778 3488 Nihil
800 3428 874 3497 addo,
904 3427 979 3484 ducas
1004 3426 1085 3500 licen]

125 3521 253 3600 Quaesitis
264 3543 312 3600 per
321 3519 406 3598 Epist.
420 3539 496 3578 num.
508 3535 554 3596 50.
621 3517 672 3576 Per
690 3536 769 3576 voces
790 3514 857 3570 nihil
875 3513 948 3582 addo,
972 3510 1087 3588 intelligi
1109 3529 1111 3536 ’

168 3635 185 3670 2
199 3613 300 3686 noncffe
310 3607 460 3683 fixtantis.]
482 3606 593 3664 Sextans
622 3599 720 3680 potuit,
740 3601 783 3658 vel
796 3597 1023 3674 nihilhabeoqttod
1031 3618 1097 3654 απτ·-
1205 3629 1216 3638 -

124 3697 163 3758 est
183 3697 257 3759 sexta
275 3715 337 3774 puts
350 3693 406 3752 affis
418 3694 461 3751 vel
483 3691 593 3771 congii:
618 3691 684 3770 plius
697 3689 788 3757 dicam,
800 3687 844 3744 vel
849 3685 958 3759 Jiaemmae
969 3682 1012 3757 ssi
1023 3686 1099 3745 mille,

124 3784 301 3860 Amhiguum
313 3781 421 3838 videtur
440 3779 492 3837 effe
512 3776 542 3836 in
561 3798 595 3836 eo
622 3797 774 3833 nummorum
794 3771 862 3829 nihil
877 3767 977 3845 adicio,
998 3785 1026 3826 ut
1045 3773 1087 3828 dc·

124 3869 203 3948 qudd
222 3867 296 3926 aliud
316 3865 449 3944 significat
461 3865 595 3942 stxtantis,
622 3862 701 3919 bitum
713 3857 792 3935 mcy'ur
805 3857 924 3930 (fficiam.-
949 3855 1090 3936 Ambigud

124 3956 200 4015 aliud
212 3956 263 4032 fix
276 3949 422 4011 tantisrin
435 3949 524 4028 priore
537 3949 595 4008 sen·
623 3946 706 4026 igitur
716 3943 794 4002 dixit.
828 3938 955 4018 Sequitur
966 3940 1042 3998 ducas
1055 3941 1087 3996 li·

125 4040 284 4101 squnius
293 4036 362 4097 dixit
372 4036 411 4108 id,
425 4036 458 4095 de
468 4055 594 4115 quonge-
622 4025 667 4104 iu,
681 4030 756 4110 quod
768 4047 853 4107 genus
872 4025 980 4108 ridiculi
991 4026 1092 4086 dicitur

123 4127 215 4199 betur,
226 4122 343 4184 viliffimi
357 4121 433 4182 fuille
446 4121 542 4203 pretii;
565 4117 594 4181 in
623 4121 675 4182 elle
693 4165 695 4168 .
714 4133 811 4195 ptaeter
849 4113 1089 4268 expectaueram

662 4205 689 4264 R
711 4224 727 4280 3
998 4243 1000 4248 -
1028 4219 1090 4262 uctu
1199 4211 1202 4218 “
