2870 4728
160 350 287 482 ,δ’

580 356 1084 451 Dthanora

293 547 297 552 ·
371 507 506 603 mavit,
523 537 640 592 nemo
659 511 735 590 fere
755 511 878 592 laudis
898 509 1059 618 cupidus
1079 503 1298 633 adolescens

369 647 450 700 non
470 619 537 699 fibi
557 623 603 700 ad
625 621 835 701 dicendum
868 621 994 701 studio
1012 621 1122 702 omni
1143 619 1294 698 eniten

365 731 463 810 dum
482 733 644 857 putavit
687 734 748 812 nc
767 734 895 840 prirnd
914 732 1074 854 quidem
1093 731 1211 812 totius
1230 756 1292 807 ra·

364 840 484 921 tionis
494 844 655 966 irgnari,
686 841 754 953 qui
784 871 908 952 neque
927 840 1208 922 exercitationis
1226 838 1292 917 ul·.

364 951 501 1030 lam'
466 981 585 1048 viam,
617 981 742 1064 neque
762 953 918 1064 aliquod
946 972 1182 1060 praeceptum
1202 948 1294 1073 artis

365 1059 437 1140 esse
453 1062 737 1190 arbitrarentur,
750 1085 916 1158 tantum,
929 1083 1120 1174 quantum
1136 1059 1295 1170 ingenio

275 1254 278 1264 ,
365 1193 405 1252 et
437 1173 671 1284 cogitatione
705 1195 893 1298 poterant,
934 1173 1290 1296 consequebantur:

244 1353 246 1368 .
365 1284 450 1392 post
470 1303 616 1380 autern,
635 1285 775 1365 auditis
789 1283 1004 1366 oratoribus
1019 1283 1183 1377 Graecis,
1202 1309 1293 1390 cog-

364 1393 530 1514 nitisque
564 1425 702 1477 eorum
722 1396 866 1490 litorio,
885 1393 1139 1504 adhibitisque
1159 1395 1291 1476 dodo·

366 1503 484 1598 ribus,
514 1505 730 1586 incredibili
761 1509 931 1620 quodam
963 1504 1091 1586 nostri
1113 1503 1293 1583 homines

364 1615 516 1696 dicendi
537 1617 663 1704 studio
683 1620 953 1726 flagraverunt.
1005 1615 1209 1696 Excitabat
1227 1637 1293 1693 eos

366 1727 598 1850 magnitudo
630 1748 669 1808 et
704 1727 877 1821 varietas,
921 1723 1260 1835 multitudoque'
1250 1751 1292 1802 tn

364 1865 476 1916 omnr
495 1865 632 1949 genere
652 1837 889 1930 cauflarum3
918 1859 961 1915 ut
982 1837 1028 1916 ad
1047 1863 1134 1916 eam
1152 1833 1293 1917 doctri,

365 1959 474 2041 nam,
509 1939 629 2057 quani
660 1943 727 2028 stro
755 1947 916 2058 quisque
946 1945 1072 2028 studio
1105 1945 1293 2028 adsecutus

364 2055 468 2154 ess'et,
494 2055 762 2168 adjungeretur
780 2059 869 2138 usus
890 2059 1085 2166 frequens,
1112 2055 1180 2165 qui
1205 2083 1291 2138 orn·

364 2166 478 2247 nium
526 2169 799 2278 magistrorum
856 2188 1045 2293 praecepta
1078 2168 1291 2292 superaret.

363 2275 488 2359 Erant
521 2299 651 2359 autem
686 2281 778 2360 huic
816 2277 943 2359 studio
986 2276 1168 2401 martinia,
1204 2305 1293 2388 quae

364 2415 470 2470 nunc
488 2416 644 2500 quoque
662 2389 765 2486 sunt,
785 2390 952 2498 exposita
970 2389 1150 2512 ptaeruia,
1163 2389 1225 2468 vel
1245 2389 1293 2468 ad

356 2499 545 2608 gratiam,
576 2503 637 2582 vel
671 2504 717 2582 ad
736 2529 844 2610 opes,
875 2501 938 2579 vel
966 2501 1014 2581 ad
1044 2498 1290 2626 dignitatern.

356 2609 525 2718 ¹Ingenia
540 2612 632 2692 verb
654 2612 717 2718 (ut
736 2611 872 2691 multis
888 2613 999 2692 rebus
1015 2605 1259 2718 poss'umus
1225 2637 1292 2718 jue

361 2720 506 2843 dicare)
525 2719 745 2802 nostrorum
759 2720 970 2802 hominum
985 2721 1160 2801 multum
1175 2739 1291 2803 caeteae

361 2857 415 2910 trs
443 2829 672 2913 hominibus
696 2831 879 2913 omnium
898 2830 1078 2940 gentium
1100 2829 1290 2957 praest-ite·

362 2959 466 3022 runt.
524 2941 679 3041 Quibus
709 2944 759 3022 'de
789 2943 936 3038 tantbs,
977 2941 1065 3051 quis
1095 2969 1173 3023 non
1204 2943 1293 3050 jure

363 3051 539 3147 miretur,
552 3079 600 3132 ex
618 3052 730 3152 omni
745 3051 934 3134 memoria
949 3073 1126 3148 actatum,
1139 3071 1292 3158 tempo

362 3190 469 3258 turn,
511 3162 731 3257 civitatum,
759 3183 849 3243 tam
877 3162 1064 3288 exiguum
1093 3183 1292 3243 oratorum

363 3299 575 3352 numerum
590 3273 780 3354 inveniri?
810 3273 936 3353 Sed
899 3273 1089 3354 nimirum
1101 3275 1223 3382 majus
1235 3271 1292 3353 est

362 3382 440 3464 hoc
484 3383 659 3479 uiddam,
680 3413 800 3508 quam
818 3382 998 3464 homines
1012 3383 1233 3492 opinantur,
1253 3403 1292 3462 et

356 3413 589 3632 pluribus
554 3521 605 3576 ex
625 3495 769 3590 artibus
789 3491 996 3618 studiisque
1015 3495 1236 3576 colledtum.

195 3613 372 3696 V
421 3604 521 3703 Quis'
548 3606 654 3684 enim
680 3605 820 3684 aliud
812 3633 852 3684 rn
871 3633 1042 3684 maxima
1062 3603 1292 3728 discentium

348 4031 353 4040 ¹
402 4072 489 4127 araga
486 4055 540 4108 'ati
529 4054 579 4128 ripa
569 4053 604 4125 e]
638 4051 740 4112 Melius
766 4053 1000 4310 (utqcognr'rr'squer
1020 4049 1056 4112 fic
1076 4047 1203 4114 intro.
1232 4071 1292 4106 num

364 3714 631 3846 multitudine,
668 3715 821 3798 surnrna
852 3713 1126 3825 magistrorum
1163 3713 1291 3904 cppia,

925 3847 929 3858 “
1109 3853 1187 3935 ptae
1222 3855 1269 3906 an

350 4135 470 4236 opinor)
493 4136 521 4196 in
536 4135 617 4194 MSto
630 4137 689 4196 Bal.
709 4137 807 4232 legitur
843 4155 888 4197 aar
901 4145 1006 4198 inventa
1015 4139 1088 4216 fient,
1107 4155 1154 4197 aue
1170 4128 1290 4218 cognita,

1244 4239 1303 4284 41ὕὲ-
