2864 4732
355 367 803 493 Lruanl.5p

75 506 225 618 sponso
255 503 306 586 s1c'
327 510 477 619 jndices
496 510 726 605 exardet-unt,
754 529 799 591 ut
827 510 962 619 capitis
982 513 1054 592 ho-

78 621 244 700 minem
258 616 612 702 innocentlffimum
627 623 954 704 condemnarent:
986 623 1053 734 qui

975 457 984 467 .
1085 385 1214 496 109¹

75 728 295 840 quidemst
327 732 521 812 absolutus
550 732 639 812 ell'et
666 733 789 844 (q‘uod
817 733 1052 832 mehercule,
1130 728 1136 735 ’

76 841 237 922 etiamsi
257 840 359 920 nihil
379 845 426 922 ad
445 873 514 925 nos
533 845 713 950 pertinet,
742 864 873 924 tamen
900 867 1056 952 propter
1107 918 1112 928 ,

75 956 166 1061 ejus
188 951 338 1074 ingenii
357 955 670 1064 magnitudinem
690 957 864 1068 vallem),
882 983 1054 1064 quonam

78 1063 208 1144 modo
227 1061 320 1144 istos
350 1065 601 1174 philosophos
627 1068 724 1148 ferre
751 1065 957 1173 poll'emuS,
986 1067 1054 1177 qui

78 1202 207 1268 nunc,
240 1175 332 1254 clim
361 1177 430 1256 ille
449 1178 653 1257 damnatus
676 1177 730 1256 est
756 1177 907 1256 nullam
936 1177 1053 1258 aliam
1107 1275 1109 1278 Ι

80 1288 132 1365 ob
149 1287 408 1391 culpam,nls1
427 1300 583 1396 propter
602 1288 754 1367 dicendi
771 1295 780 1322 ¹
797 1288 1051 1382 inscientiam,
1100 1361 1109 1379 ,

80 1417 218 1490 tanlen
239 1396 259 1476 ὲ
279 1396 315 1475 se
334 1420 508 1504 oportere
529 1398 663 1478 dicunt
683 1398 761 1504 peti
786 1419 972 1506 praecepta
992 1400 1051 1478 di-

79 1507 222 1586 cendi?
264 1508 507 1606 Quibuscum
527 1537 600 1616 ego
632 1537 710 1586 non
744 1535 888 1614 pugno
917 1529 1052 1590 utrum
1082 1549 1089 1566 ¹
1138 1596 1141 1602 ,

78 1619 125 1697 fit
146 1617 291 1698 melius
311 1639 377 1698 aut
395 1619 545 1724 verina:
574 1619 727 1698 tanturn
754 1618 853 1710 dicu,
888 1639 925 1697 et
945 1619 1050 1698 aliud

78 1729 184 1919 ilsliud
199 1727 272 1918 cipp
287 1750 401 1838 atque
421 1732 509 1822 hoc,
520 1747 558 1808 et
573 1732 648 1809 hoc
669 1731 745 1808 fine
761 1729 838 1840 illo·
851 1727 1051 1809 summum

79 1867 101 1919 e
135 1867 228 1946 epo
260 1869 292 1918 e.

136 1950 248 2030 Nam
265 1939 457 2061 qudd'ius
490 1950 616 2045 civile,
646 1951 787 2046 Crall'e,
815 1967 897 2030 tarn
925 1951 1044 2032 vehe·
1070 1965 1137 2029 LV.

78 2083 236 2141 menter
250 2063 449 2169 amplexus
465 2091 517 2155 es,
537 2061 648 2142 video
663 2062 757 2170 quid
772 2063 912 2170 egeris:
941 2081 1044 2157 tum,

78 2201 209 2283 quum
228 2173 392 2268 dicebas,
417 2173 605 2252 videbam.
663 2171 1047 2254 Primhm'Scaevolae

79 2305 119 2364 te
146 2284 340 2380 dedidisti,
366 2311 485 2394 quem
505 2309 640 2363 omnes
660 2311 788 2363 amate
807 2282 1047 2365 metitiffirnd

79 2424 152 2503 pro
171 2399 251 2506 ejus
268 2397 413 2475 eximia
426 2394 608 2473 suavitate
623 2395 829 2484 dehemus;
858 2397 967 2502 cujus
986 2417 1045 2472 at·
1111 2409 1113 2413 ’
1139 2383 1141 2387 ’

79 2526 163 2586 tem
189 2503 282 2586 clun
301 2511 315 2540 ²
334 2509 547 2586 indotatam
576 2502 649 2584 efl'e
679 2525 716 2583 et
743 2504 957 2585 incomtam
987 2504 1045 2582 vi-

80 2619 206 2714 deres,
227 2619 539 2698 verborumeam
558 2613 647 2696 dote
667 2614 906 2722 locupletasti
926 2635 965 2695 et
982 2643 1046 2696 ot-

217 2815 222 2832 ,
921 2725 1044 2810 nasti:

79 2854 132 2914 else
149 2856 277 2935 agnovit:
299 2875 349 2914 nec
361 2855 482 2918 Socrates
494 2850 549 2932 ipse
577 2852 704 2930 capletasti
725 2854 789 2910 date·
800 2849 962 2929 respondent
983 2848 1049 2928 voci

81 2939 110 3002 in
124 2941 290 3020 Eloquentia
311 2942 405 3019 hospes
425 2961 458 2999 ac
476 2937 549 2998 rudia
578 2938 729 2996 indotataa:
742 2957 796 2996 vox
805 2939 872 2996 verb
881 2937 975 3012 masta·
983 2936 1045 2996 rori

81 3027 149 3088 suit:
171 3029 226 3088 vid.
237 3027 277 3086 iii.
293 3027 337 3097 16,
348 3048 394 3105 3²·
414 3027 485 3086 Eam
497 3025 548 3104 igi·
578 3027 717 3084 incomtam.
766 3023 842 3100 Qrid
877 3023 960 3100 igitur
998 3024 1045 3081 fiet

80 3126 124 3174 tur
143 3129 229 3170 artem
251 3109 298 3169 hle
321 3109 421 3168 nescire
441 3109 548 3178 dicitur,
578 3109 613 3168 de
637 3131 704 3168 voce
729 3111 921 3168 incomitatam?
952 3129 1046 3170 annon

80 3201 145 3277 qui,
170 3213 201 3256 ut
213 3196 248 3256 ad
261 3197 335 3256 suam
348 3194 548 3276 philosophiam
577 3191 677 3282 Cicero
694 3193 725 3253 in
739 3193 794 3276 line
810 3191 948 3250 sententiae
961 3191 1045 3252 debu·

81 3305 177 3367 parurn
201 3285 414 3356 accommodata,
436 3281 475 3342 uti
497 3303 548 3342 no-
578 3294 635 3337 etat
652 3275 831 3358 oppositionis
853 3278 939 3358 gratia
963 3278 1045 3358 subji-

82 3371 139 3431 lnir.
579 3384 639 3424 cere
663 3366 723 3424 haia
742 3370 838 3424 comites
860 3364 979 3444 affecisti,
999 3383 1046 3426 aut
1117 3435 1128 3448 „

122 3479 136 3515 a
166 3456 307 3512 indotatam
337 3458 380 3530 affe
408 3469 432 3510 tt
456 3457 547 3511 iacom-
578 3455 630 3510 tale
644 3451 795 3531 quiddam?
815 3451 905 3526 Adde,
921 3452 999 3530 'quad
1015 3452 1045 3512 in

83 3543 148 3617 rant]
182 3541 304 3620 Vulgata
339 3541 419 3599 ladio
445 3540 548 3600 duabus
578 3557 602 3596 c.
632 3555 675 3616 17.
708 3553 736 3596 et
764 3538 820 3598 froc
845 3539 926 3615 hujus
948 3536 1064 3620 oapith¹

82 3630 192 3688 vocibus
212 3627 316 3688 auctior
328 3625 376 3697 est,
395 3627 430 3686 se.
450 3628 547 3684 iadora-
571 3623 685 3682 ¹Crallua
705 3623 748 3702 jus
765 3624 855 3697 civile,
885 3623 1046 3704 coeoemlhue
1158 3675 1159 3680 ,

82 3733 133 3773 tara
162 3719 214 3791 affl,
249 3728 331 3794 atque
363 3710 548 3773 incomitatam
579 3726 646 3768 atres
673 3711 703 3770 in
722 3709 852 3772 comitatu
873 3709 1047 3790 Eloquentia

81 3817 106 3860 tt
134 3805 266 3857 imitatam
290 3814 341 3857 etc.
394 3798 454 3856 Ubi
501 3801 549 3860 diu
578 3797 732 3858 collocavit:
753 3793 1045 3878 quibuslicereisslo-

83 3889 164 3950 doctis
186 3888 382 3969 displicuerunt
401 3887 449 3946 ista
466 3889 548 3947 vetba
578 3883 699 3962 quentia,
729 3883 786 3962 ipsa
813 3881 923 3962 propria
944 3887 1046 3942 inm

82 3995 152 4054 otqtte
162 3979 342 4043 incomitatam
357 3971 449 4051 quasti
462 3973 546 4032 MSto
579 3983 636 4028 tata
644 3969 700 4028 dici
710 3969 809 4048 potesta
820 3969 864 4047 jus
876 3968 956 4030 civile
965 3967 1046 4032 ΟΜ·

82 4059 162 4121 Norf.
195 4059 284 4120 abell'e
302 4055 378 4117 ridi.
431 4059 468 4117 Et
494 4058 546 4118 illia
579 4055 632 4129 sua,
653 4074 709 4114 non
723 4055 774 4115 nisa
798 4071 919 4136 tanquam
941 4051 1046 4132 ant-illm
1086 4074 1090 4085 ·

80 4149 162 4212 dorbia
175 4146 320 4218 affentima
336 4143 403 4227 quia
420 4145 499 4208 rucei
509 4147 547 4206 Ia·
578 4143 630 4202 lant
635 4139 854 4226 prdfifflqaamque,
874 4140 1050 4290 Magnenti:

910 4251 926 4290 a
940 4246 1022 4308 pum
