<?xml version="1.0" encoding="UTF-8"?>
<!DOCTYPE html PUBLIC "-//W3C//DTD XHTML 1.0 Transitional//EN"
    "http://www.w3.org/TR/xhtml1/DTD/xhtml1-transitional.dtd">
<html xmlns="http://www.w3.org/1999/xhtml" xml:lang="en" lang="en">
 <head>
  <title>
</title>
<meta http-equiv="Content-Type" content="text/html;charset=utf-8" />
  <meta name='ocr-system' content='tesseract 3.04.00' />
  <meta name='ocr-capabilities' content='ocr_page ocr_carea ocr_par ocr_line ocrx_word'/>
</head>
<body>
  <div class='ocr_page' id='page_1' title='image "./mtulliiciceroni01peargoog_0249.png"; bbox 0 0 2858 4746; ppageno 0'>
   <div class='ocr_carea' id='block_1_1' title="bbox 229 323 1309 571">
    <p class='ocr_par' dir='ltr' id='par_1_1' title="bbox 229 323 1309 571">
     <span class='ocr_line' id='line_1_1' title="bbox 229 323 1049 450; baseline -0.009 -29"><span class='ocrx_word' id='word_1_1' title='bbox 229 351 327 450; x_wconf 81' lang='lat'>232</span> <span class='ocrx_word' id='word_1_2' title='bbox 587 323 677 418; x_wconf 82' lang='lat' dir='ltr'>Da</span> <span class='ocrx_word' id='word_1_3' title='bbox 729 323 866 445; x_wconf 78' lang='lat' dir='ltr'>Ona</span> <span class='ocrx_word' id='word_1_4' title='bbox 884 357 914 414; x_wconf 81' lang='lat' dir='ltr'>T</span> <span class='ocrx_word' id='word_1_5' title='bbox 931 357 959 416; x_wconf 93' lang='lat' dir='ltr'>o</span> <span class='ocrx_word' id='word_1_6' title='bbox 978 353 1049 415; x_wconf 82' lang='lat' dir='ltr'>aa</span> 
     </span>
     <span class='ocr_line' id='line_1_2' title="bbox 349 456 1309 571; baseline -0.002 -28"><span class='ocrx_word' id='word_1_7' title='bbox 349 456 502 571; x_wconf 88' lang='lat' dir='ltr'>pidum,</span> <span class='ocrx_word' id='word_1_8' title='bbox 524 465 665 558; x_wconf 90' lang='lat' dir='ltr'>levem,</span> <span class='ocrx_word' id='word_1_9' title='bbox 688 465 713 543; x_wconf 89' lang='lat' dir='ltr'>sr</span> <span class='ocrx_word' id='word_1_10' title='bbox 735 465 844 544; x_wconf 77' lang='lat' dir='ltr'>facile</span> <span class='ocrx_word' id='word_1_11' title='bbox 864 465 1043 544; x_wconf 88' lang='lat' dir='ltr'>homines</span> <span class='ocrx_word' id='word_1_12' title='bbox 1063 459 1227 542; x_wconf 87' lang='lat' dir='ltr'>audituri</span> <span class='ocrx_word' id='word_1_13' title='bbox 1246 459 1309 541; x_wconf 80' lang='lat' dir='ltr'>vi-</span> 
     </span>
    </p>
   </div>
   <div class='ocr_carea' id='block_1_2' title="bbox 144 571 1308 2888">
    <p class='ocr_par' dir='ltr' id='par_1_2' title="bbox 349 571 1308 795">
     <span class='ocr_line' id='line_1_3' title="bbox 349 571 1308 681; baseline 0 -29"><span class='ocrx_word' id='word_1_14' title='bbox 349 573 553 654; x_wconf 88' lang='lat' dir='ltr'>debuntur.</span> <span class='ocrx_word' id='word_1_15' title='bbox 613 577 788 654; x_wconf 84' lang='lat' dir='ltr'>Omnino</span> <span class='ocrx_word' id='word_1_16' title='bbox 806 576 1057 681; x_wconf 83' lang='lat' dir='ltr'>probabiliora</span> <span class='ocrx_word' id='word_1_17' title='bbox 1086 571 1187 662; x_wconf 82' lang='lat' dir='ltr'>sunt,</span> <span class='ocrx_word' id='word_1_18' title='bbox 1217 597 1308 681; x_wconf 84' lang='lat' dir='ltr'>quae</span> 
     </span>
     <span class='ocr_line' id='line_1_4' title="bbox 349 680 1307 795; baseline -0.001 -32"><span class='ocrx_word' id='word_1_19' title='bbox 349 683 504 764; x_wconf 85' lang='lat' dir='ltr'>laceffiti</span> <span class='ocrx_word' id='word_1_20' title='bbox 532 680 712 779; x_wconf 81' lang='lat' dir='ltr'>dicimus,</span> <span class='ocrx_word' id='word_1_21' title='bbox 742 685 859 795; x_wconf 76' lang='lat' dir='ltr'>quim</span> <span class='ocrx_word' id='word_1_22' title='bbox 887 715 974 794; x_wconf 87' lang='lat' dir='ltr'>quae</span> <span class='ocrx_word' id='word_1_23' title='bbox 1004 684 1168 792; x_wconf 80' lang='lat' dir='ltr'>priores:</span> <span class='ocrx_word' id='word_1_24' title='bbox 1210 709 1307 762; x_wconf 89' lang='lat' dir='ltr'>nam</span> 
     </span>
    </p>

    <p class='ocr_par' dir='ltr' id='par_1_3' title="bbox 349 793 1307 905">
     <span class='ocr_line' id='line_1_5' title="bbox 349 793 1307 905; baseline -0.004 -31"><span class='ocrx_word' id='word_1_25' title='bbox 349 814 388 874; x_wconf 89' lang='lat' dir='ltr'>et</span> <span class='ocrx_word' id='word_1_26' title='bbox 417 795 563 903; x_wconf 83' lang='lat' dir='ltr'>ingenii</span> <span class='ocrx_word' id='word_1_27' title='bbox 592 798 763 876; x_wconf 83' lang='lat' dir='ltr'>celeritas</span> <span class='ocrx_word' id='word_1_28' title='bbox 793 797 914 904; x_wconf 87' lang='lat' dir='ltr'>major</span> <span class='ocrx_word' id='word_1_29' title='bbox 941 793 1008 890; x_wconf 88' lang='lat' dir='ltr'>est,</span> <span class='ocrx_word' id='word_1_30' title='bbox 1040 819 1124 905; x_wconf 83' lang='lat' dir='ltr'>quae</span> <span class='ocrx_word' id='word_1_31' title='bbox 1152 812 1307 900; x_wconf 88' lang='lat' dir='ltr'>apparet</span> 
     </span>
    </p>

    <p class='ocr_par' dir='ltr' id='par_1_4' title="bbox 347 902 1305 1012">
     <span class='ocr_line' id='line_1_6' title="bbox 347 902 1305 1012; baseline -0.006 -26"><span class='ocrx_word' id='word_1_32' title='bbox 347 905 390 986; x_wconf 89' lang='lat' dir='ltr'>in</span> <span class='ocrx_word' id='word_1_33' title='bbox 418 907 692 1012; x_wconf 90' lang='lat' dir='ltr'>respondendo,</span> <span class='ocrx_word' id='word_1_34' title='bbox 723 925 761 986; x_wconf 91' lang='lat' dir='ltr'>et</span> <span class='ocrx_word' id='word_1_35' title='bbox 783 905 1034 985; x_wconf 87' lang='lat' dir='ltr'>humanitatis</span> <span class='ocrx_word' id='word_1_36' title='bbox 1062 902 1117 984; x_wconf 89' lang='lat' dir='ltr'>est</span> <span class='ocrx_word' id='word_1_37' title='bbox 1136 906 1305 1010; x_wconf 77' lang='lat' dir='ltr'>respon·</span> 
     </span>
    </p>

    <p class='ocr_par' dir='ltr' id='par_1_5' title="bbox 231 1011 1306 1233">
     <span class='ocr_line' id='line_1_7' title="bbox 231 1011 1304 1126; baseline -0.004 -32"><span class='ocrx_word' id='word_1_38' title='bbox 231 1105 234 1110; x_wconf 12' lang='lat' dir='ltr'>A</span> <span class='ocrx_word' id='word_1_39' title='bbox 348 1015 423 1097; x_wconf 83' lang='lat' dir='ltr'>sio:</span> <span class='ocrx_word' id='word_1_40' title='bbox 452 1018 629 1096; x_wconf 89' lang='lat' dir='ltr'>videmur</span> <span class='ocrx_word' id='word_1_41' title='bbox 647 1017 754 1096; x_wconf 92' lang='lat' dir='ltr'>enim</span> <span class='ocrx_word' id='word_1_42' title='bbox 772 1016 940 1126; x_wconf 90' lang='lat' dir='ltr'>quieturi</span> <span class='ocrx_word' id='word_1_43' title='bbox 969 1011 1091 1108; x_wconf 82' lang='lat' dir='ltr'>fuiffe,</span> <span class='ocrx_word' id='word_1_44' title='bbox 1120 1012 1188 1094; x_wconf 84' lang='lat' dir='ltr'>nifi</span> <span class='ocrx_word' id='word_1_45' title='bbox 1207 1011 1304 1092; x_wconf 85' lang='lat' dir='ltr'>effe·</span> 
     </span>
     <span class='ocr_line' id='line_1_8' title="bbox 347 1123 1306 1233; baseline -0.002 -29"><span class='ocrx_word' id='word_1_46' title='bbox 347 1153 438 1205; x_wconf 88' lang='lat' dir='ltr'>mus</span> <span class='ocrx_word' id='word_1_47' title='bbox 458 1127 631 1209; x_wconf 84' lang='lat' dir='ltr'>laceffiti:</span> <span class='ocrx_word' id='word_1_48' title='bbox 657 1146 710 1205; x_wconf 85' lang='lat' dir='ltr'>ut·</span> <span class='ocrx_word' id='word_1_49' title='bbox 730 1127 770 1206; x_wconf 91' lang='lat' dir='ltr'>in</span> <span class='ocrx_word' id='word_1_50' title='bbox 799 1125 868 1205; x_wconf 89' lang='lat' dir='ltr'>ista</span> <span class='ocrx_word' id='word_1_51' title='bbox 897 1125 973 1233; x_wconf 87' lang='lat' dir='ltr'>ipsa</span> <span class='ocrx_word' id='word_1_52' title='bbox 997 1124 1181 1206; x_wconf 88' lang='lat' dir='ltr'>concione</span> <span class='ocrx_word' id='word_1_53' title='bbox 1201 1123 1306 1202; x_wconf 89' lang='lat' dir='ltr'>nihil</span> 
     </span>
    </p>

    <p class='ocr_par' dir='ltr' id='par_1_6' title="bbox 345 1234 1305 1564">
     <span class='ocr_line' id='line_1_9' title="bbox 346 1234 1305 1346; baseline -0.008 -27"><span class='ocrx_word' id='word_1_54' title='bbox 346 1236 425 1319; x_wconf 81' lang='lat' dir='ltr'>fere</span> <span class='ocrx_word' id='word_1_55' title='bbox 455 1238 603 1318; x_wconf 79' lang='lat' dir='ltr'>diuum</span> <span class='ocrx_word' id='word_1_56' title='bbox 632 1235 686 1316; x_wconf 88' lang='lat' dir='ltr'>est</span> <span class='ocrx_word' id='word_1_57' title='bbox 720 1239 765 1314; x_wconf 88' lang='lat' dir='ltr'>ab</span> <span class='ocrx_word' id='word_1_58' title='bbox 796 1235 886 1332; x_wconf 90' lang='lat' dir='ltr'>hoc,</span> <span class='ocrx_word' id='word_1_59' title='bbox 928 1236 1032 1346; x_wconf 91' lang='lat' dir='ltr'>quod</span> <span class='ocrx_word' id='word_1_60' title='bbox 1059 1235 1218 1345; x_wconf 88' lang='lat' dir='ltr'>quidem</span> <span class='ocrx_word' id='word_1_61' title='bbox 1247 1234 1305 1312; x_wconf 85' lang='lat' dir='ltr'>fa-</span> 
     </span>
     <span class='ocr_line' id='line_1_10' title="bbox 346 1347 1302 1454; baseline -0.003 -28"><span class='ocrx_word' id='word_1_62' title='bbox 346 1347 466 1428; x_wconf 83' lang='lat' dir='ltr'>cetiirs</span> <span class='ocrx_word' id='word_1_63' title='bbox 482 1348 644 1428; x_wconf 58' lang='lat' dir='ltr'>&#39;dietum</span> <span class='ocrx_word' id='word_1_64' title='bbox 673 1347 876 1442; x_wconf 86' lang='lat' dir='ltr'>videretur,</span> <span class='ocrx_word' id='word_1_65' title='bbox 910 1347 1014 1454; x_wconf 90' lang='lat' dir='ltr'>quod</span> <span class='ocrx_word' id='word_1_66' title='bbox 1050 1375 1129 1426; x_wconf 90' lang='lat' dir='ltr'>non</span> <span class='ocrx_word' id='word_1_67' title='bbox 1163 1373 1302 1452; x_wconf 86' lang='lat' dir='ltr'>provo-</span> 
     </span>
     <span class='ocr_line' id='line_1_11' title="bbox 345 1455 1301 1564; baseline -0.002 -28"><span class='ocrx_word' id='word_1_68' title='bbox 345 1479 451 1537; x_wconf 90' lang='lat' dir='ltr'>catus</span> <span class='ocrx_word' id='word_1_69' title='bbox 471 1458 713 1564; x_wconf 85' lang='lat' dir='ltr'>responderit.</span> <span class='ocrx_word' id='word_1_70' title='bbox 768 1458 862 1556; x_wconf 86' lang='lat' dir='ltr'>Erat</span> <span class='ocrx_word' id='word_1_71' title='bbox 887 1479 1016 1536; x_wconf 90' lang='lat' dir='ltr'>autem</span> <span class='ocrx_word' id='word_1_72' title='bbox 1035 1477 1140 1536; x_wconf 89' lang='lat' dir='ltr'>tanta</span> <span class='ocrx_word' id='word_1_73' title='bbox 1169 1455 1301 1563; x_wconf 87' lang='lat' dir='ltr'>gravi·</span> 
     </span>
    </p>

    <p class='ocr_par' dir='ltr' id='par_1_7' title="bbox 343 1565 1301 1899">
     <span class='ocr_line' id='line_1_12' title="bbox 343 1565 1300 1676; baseline 0 -30"><span class='ocrx_word' id='word_1_74' title='bbox 343 1585 401 1647; x_wconf 89' lang='lat' dir='ltr'>tas</span> <span class='ocrx_word' id='word_1_75' title='bbox 431 1569 472 1648; x_wconf 92' lang='lat' dir='ltr'>in</span> <span class='ocrx_word' id='word_1_76' title='bbox 492 1569 687 1662; x_wconf 86' lang='lat' dir='ltr'>Domitio,</span> <span class='ocrx_word' id='word_1_77' title='bbox 719 1587 823 1647; x_wconf 89' lang='lat' dir='ltr'>tanta</span> <span class='ocrx_word' id='word_1_78' title='bbox 856 1567 1073 1661; x_wconf 68' lang='lat' dir='ltr'>antimum,</span> <span class='ocrx_word' id='word_1_79' title='bbox 1111 1587 1162 1656; x_wconf 77' lang='lat' dir='ltr'>,ut</span> <span class='ocrx_word' id='word_1_80' title='bbox 1194 1565 1300 1676; x_wconf 90' lang='lat' dir='ltr'>quod</span> 
     </span>
     <span class='ocr_line' id='line_1_13' title="bbox 344 1676 1300 1786; baseline -0.003 -29"><span class='ocrx_word' id='word_1_81' title='bbox 344 1676 434 1758; x_wconf 77' lang='lat' dir='ltr'>eliet</span> <span class='ocrx_word' id='word_1_82' title='bbox 464 1680 510 1759; x_wconf 93' lang='lat' dir='ltr'>ab</span> <span class='ocrx_word' id='word_1_83' title='bbox 532 1708 579 1760; x_wconf 89' lang='lat' dir='ltr'>eo</span> <span class='ocrx_word' id='word_1_84' title='bbox 606 1680 816 1786; x_wconf 67' lang='lat' dir='ltr'>objetium</span> <span class='ocrx_word' id='word_1_85' title='bbox 847 1681 974 1785; x_wconf 89' lang='lat' dir='ltr'>lepore</span> <span class='ocrx_word' id='word_1_86' title='bbox 1003 1677 1126 1784; x_wconf 87' lang='lat' dir='ltr'>magis</span> <span class='ocrx_word' id='word_1_87' title='bbox 1145 1679 1300 1756; x_wconf 88' lang='lat' dir='ltr'>elevan-</span> 
     </span>
     <span class='ocr_line' id='line_1_14' title="bbox 343 1787 1301 1899; baseline -0.004 -31"><span class='ocrx_word' id='word_1_88' title='bbox 343 1790 454 1884; x_wconf 88' lang='lat' dir='ltr'>dum,</span> <span class='ocrx_word' id='word_1_89' title='bbox 485 1789 603 1899; x_wconf 76' lang='lat' dir='ltr'>quim</span> <span class='ocrx_word' id='word_1_90' title='bbox 633 1788 880 1869; x_wconf 82' lang='lat' dir='ltr'>contentione</span> <span class='ocrx_word' id='word_1_91' title='bbox 909 1787 1165 1896; x_wconf 83' lang='lat' dir='ltr'>frangendum</span> <span class='ocrx_word' id='word_1_92' title='bbox 1195 1787 1301 1866; x_wconf 89' lang='lat' dir='ltr'>vide·</span> 
     </span>
    </p>

    <p class='ocr_par' dir='ltr' id='par_1_8' title="bbox 275 1919 458 1980">
     <span class='ocr_line' id='line_1_15' title="bbox 275 1919 458 1980; baseline 0.011 -4"><span class='ocrx_word' id='word_1_93' title='bbox 275 1931 277 1934; x_wconf 82' lang='lat'>&#39;</span> <span class='ocrx_word' id='word_1_94' title='bbox 342 1919 458 1980; x_wconf 76' lang='lat' dir='ltr'>retur.</span> 
     </span>
    </p>

    <p class='ocr_par' dir='ltr' id='par_1_9' title="bbox 144 2007 1301 2562">
     <span class='ocr_line' id='line_1_16' title="bbox 144 2007 1299 2119; baseline -0.007 -25"><span class='ocrx_word' id='word_1_95' title='bbox 144 2050 147 2062; x_wconf 88' lang='lat'>·</span> <span class='ocrx_word' id='word_1_96' title='bbox 223 2013 328 2094; x_wconf 73' lang='lat' dir='ltr'>Lim.-</span> <span class='ocrx_word' id='word_1_97' title='bbox 395 2011 507 2088; x_wconf 91' lang='lat' dir='ltr'>Tum</span> <span class='ocrx_word' id='word_1_98' title='bbox 518 2009 719 2118; x_wconf 81' lang='lat' dir='ltr'>sulpitius,</span> <span class='ocrx_word' id='word_1_99' title='bbox 730 2009 837 2108; x_wconf 89' lang='lat' dir='ltr'>Quid</span> <span class='ocrx_word' id='word_1_100' title='bbox 852 2008 994 2116; x_wconf 84' lang='lat' dir='ltr'>igitur?</span> <span class='ocrx_word' id='word_1_101' title='bbox 1024 2007 1299 2119; x_wconf 86' lang='lat' dir='ltr'>inquit,patie·</span> 
     </span>
     <span class='ocr_line' id='line_1_17' title="bbox 217 2119 1301 2230; baseline -0.002 -32"><span class='ocrx_word' id='word_1_102' title='bbox 217 2123 221 2136; x_wconf 89' lang='grc'><strong>’</strong></span> <span class='ocrx_word' id='word_1_103' title='bbox 341 2121 646 2214; x_wconf 87' lang='lat' dir='ltr'>murCaesarem‚</span> <span class='ocrx_word' id='word_1_104' title='bbox 658 2121 739 2230; x_wconf 90' lang='lat' dir='ltr'>qui,</span> <span class='ocrx_word' id='word_1_105' title='bbox 750 2148 989 2228; x_wconf 88' lang='lat' dir='ltr'>quamquam</span> <span class='ocrx_word' id='word_1_106' title='bbox 1000 2119 1130 2198; x_wconf 85' lang='lat' dir='ltr'>Crafl&#39;o</span> <span class='ocrx_word' id='word_1_107' title='bbox 1143 2119 1301 2198; x_wconf 85' lang='lat' dir='ltr'>facetias</span> 
     </span>
     <span class='ocr_line' id='line_1_18' title="bbox 342 2227 1299 2337; baseline -0.004 -27"><span class='ocrx_word' id='word_1_108' title='bbox 342 2233 529 2325; x_wconf 89' lang='lat' dir='ltr'>concedit,</span> <span class='ocrx_word' id='word_1_109' title='bbox 545 2253 676 2322; x_wconf 89' lang='lat' dir='ltr'>tamen</span> <span class='ocrx_word' id='word_1_110' title='bbox 689 2231 814 2310; x_wconf 89' lang='lat' dir='ltr'>multo</span> <span class='ocrx_word' id='word_1_111' title='bbox 829 2231 870 2308; x_wconf 87' lang='lat' dir='ltr'>in</span> <span class='ocrx_word' id='word_1_112' title='bbox 884 2259 931 2310; x_wconf 91' lang='lat' dir='ltr'>eo</span> <span class='ocrx_word' id='word_1_113' title='bbox 947 2230 1070 2310; x_wconf 91' lang='lat' dir='ltr'>studio</span> <span class='ocrx_word' id='word_1_114' title='bbox 1082 2229 1206 2337; x_wconf 85' lang='lat' dir='ltr'>magis</span> <span class='ocrx_word' id='word_1_115' title='bbox 1221 2227 1299 2334; x_wconf 89' lang='lat' dir='ltr'>ipse</span> 
     </span>
     <span class='ocr_line' id='line_1_19' title="bbox 340 2339 1298 2450; baseline 0.001 -30"><span class='ocrx_word' id='word_1_116' title='bbox 340 2343 520 2435; x_wconf 85' lang='lat' dir='ltr'>elaborat,</span> <span class='ocrx_word' id='word_1_117' title='bbox 532 2371 608 2423; x_wconf 92' lang='lat' dir='ltr'>non</span> <span class='ocrx_word' id='word_1_118' title='bbox 623 2341 809 2450; x_wconf 83' lang='lat' dir='ltr'>explicare</span> <span class='ocrx_word' id='word_1_119' title='bbox 821 2341 931 2421; x_wconf 90' lang='lat' dir='ltr'>nobis</span> <span class='ocrx_word' id='word_1_120' title='bbox 944 2361 1073 2422; x_wconf 91' lang='lat' dir='ltr'>totum</span> <span class='ocrx_word' id='word_1_121' title='bbox 1087 2365 1209 2448; x_wconf 85' lang='lat' dir='ltr'>genus</span> <span class='ocrx_word' id='word_1_122' title='bbox 1222 2339 1298 2421; x_wconf 89' lang='lat' dir='ltr'>hoc</span> 
     </span>
     <span class='ocr_line' id='line_1_20' title="bbox 333 2447 1297 2562; baseline -0.003 -32"><span class='ocrx_word' id='word_1_123' title='bbox 333 2453 506 2560; x_wconf 83' lang='lat' dir='ltr'>jocandi,</span> <span class='ocrx_word' id='word_1_124' title='bbox 539 2455 652 2562; x_wconf 86' lang='lat' dir='ltr'>quale</span> <span class='ocrx_word' id='word_1_125' title='bbox 671 2453 727 2547; x_wconf 85' lang='lat' dir='ltr'>lit,</span> <span class='ocrx_word' id='word_1_126' title='bbox 755 2470 793 2530; x_wconf 89' lang='lat' dir='ltr'>et</span> <span class='ocrx_word' id='word_1_127' title='bbox 812 2454 913 2530; x_wconf 87' lang='lat' dir='ltr'>unde</span> <span class='ocrx_word' id='word_1_128' title='bbox 933 2453 1113 2544; x_wconf 81' lang='lat' dir='ltr'>ducatur3</span> <span class='ocrx_word' id='word_1_129' title='bbox 1143 2447 1297 2558; x_wconf 88' lang='lat' dir='ltr'>praeser·</span> 
     </span>
    </p>

    <p class='ocr_par' dir='ltr' id='par_1_10' title="bbox 333 2558 1298 2888">
     <span class='ocr_line' id='line_1_21' title="bbox 340 2558 1298 2644; baseline 0.001 -5"><span class='ocrx_word' id='word_1_130' title='bbox 340 2563 415 2640; x_wconf 85' lang='lat' dir='ltr'>tim</span> <span class='ocrx_word' id='word_1_131' title='bbox 435 2565 526 2644; x_wconf 83' lang='lat' dir='ltr'>edm</span> <span class='ocrx_word' id='word_1_132' title='bbox 551 2582 698 2642; x_wconf 86' lang='lat' dir='ltr'>tantam</span> <span class='ocrx_word' id='word_1_133' title='bbox 727 2561 810 2639; x_wconf 89' lang='lat' dir='ltr'>vim</span> <span class='ocrx_word' id='word_1_134' title='bbox 838 2582 877 2640; x_wconf 91' lang='lat' dir='ltr'>et</span> <span class='ocrx_word' id='word_1_135' title='bbox 905 2558 1115 2640; x_wconf 75' lang='lat' dir='ltr'>utilitatem</span> <span class='ocrx_word' id='word_1_136' title='bbox 1144 2560 1230 2640; x_wconf 80' lang='lat' dir='ltr'>salis</span> <span class='ocrx_word' id='word_1_137' title='bbox 1258 2579 1298 2640; x_wconf 88' lang='lat' dir='ltr'>et</span> 
     </span>
     <span class='ocr_line' id='line_1_22' title="bbox 340 2670 1297 2780; baseline 0.001 -32"><span class='ocrx_word' id='word_1_138' title='bbox 340 2671 598 2750; x_wconf 80' lang='lat' dir='ltr'>³urbanitatis</span> <span class='ocrx_word' id='word_1_139' title='bbox 630 2672 702 2752; x_wconf 83' lang='lat' dir='ltr'>ell&#39;e</span> <span class='ocrx_word' id='word_1_140' title='bbox 730 2673 918 2752; x_wconf 85' lang='lat' dir='ltr'>fateatur?</span> <span class='ocrx_word' id='word_1_141' title='bbox 961 2670 1068 2770; x_wconf 89' lang='lat' dir='ltr'>Quid</span> <span class='ocrx_word' id='word_1_142' title='bbox 1100 2671 1140 2761; x_wconf 86' lang='lat' dir='ltr'>fi,</span> <span class='ocrx_word' id='word_1_143' title='bbox 1169 2671 1297 2780; x_wconf 87' lang='lat' dir='ltr'>inquit</span> 
     </span>
     <span class='ocr_line' id='line_1_23' title="bbox 333 2779 1297 2888; baseline -0.001 -29"><span class='ocrx_word' id='word_1_144' title='bbox 333 2779 485 2888; x_wconf 81' lang='lat' dir='ltr'>Julius,</span> <span class='ocrx_word' id='word_1_145' title='bbox 506 2781 682 2862; x_wconf 74' lang='lat' dir='ltr'>assentior</span> <span class='ocrx_word' id='word_1_146' title='bbox 694 2781 869 2861; x_wconf 89' lang='lat' dir='ltr'>Antonio</span> <span class='ocrx_word' id='word_1_147' title='bbox 889 2781 1046 2877; x_wconf 87' lang='lat' dir='ltr'>dicenti,</span> <span class='ocrx_word' id='word_1_148' title='bbox 1061 2781 1212 2860; x_wconf 83' lang='lat' dir='ltr'>millam</span> <span class='ocrx_word' id='word_1_149' title='bbox 1224 2779 1297 2861; x_wconf 82' lang='lat' dir='ltr'>else</span> 
     </span>
    </p>
   </div>
   <div class='ocr_carea' id='block_1_3' title="bbox 1173 2912 1296 2971">
    <p class='ocr_par' dir='ltr' id='par_1_11' title="bbox 1173 2912 1296 2971">
     <span class='ocr_line' id='line_1_24' title="bbox 1173 2912 1296 2971; baseline -0.024 0"><span class='ocrx_word' id='word_1_150' title='bbox 1173 2912 1296 2971; x_wconf 68' lang='lat' dir='ltr'>aliem</span> 
     </span>
    </p>
   </div>
   <div class='ocr_carea' id='block_1_4' title="bbox 260 3013 1299 4211">
    <p class='ocr_par' dir='ltr' id='par_1_12' title="bbox 260 3013 1299 4211">
     <span class='ocr_line' id='line_1_25' title="bbox 260 3013 1298 3092; baseline 0.003 -23"><span class='ocrx_word' id='word_1_151' title='bbox 260 3084 263 3092; x_wconf 34' lang='lat'>¹</span> <span class='ocrx_word' id='word_1_152' title='bbox 342 3029 380 3070; x_wconf 87' lang='lat' dir='ltr'>tat</span> <span class='ocrx_word' id='word_1_153' title='bbox 394 3013 494 3072; x_wconf 65' lang='lat' dir='ltr'>inor‘lo</span> <span class='ocrx_word' id='word_1_154' title='bbox 509 3013 601 3071; x_wconf 86' lang='lat' dir='ltr'>nostris</span> <span class='ocrx_word' id='word_1_155' title='bbox 612 3015 699 3073; x_wconf 87' lang='lat' dir='ltr'>MStis</span> <span class='ocrx_word' id='word_1_156' title='bbox 709 3013 818 3074; x_wconf 77' lang='lat' dir='ltr'>tribus-¹</span> <span class='ocrx_word' id='word_1_157' title='bbox 831 3031 908 3073; x_wconf 72' lang='lat' dir='ltr'>arzer:</span> <span class='ocrx_word' id='word_1_158' title='bbox 927 3015 960 3074; x_wconf 90' lang='lat' dir='ltr'>iis</span> <span class='ocrx_word' id='word_1_159' title='bbox 977 3031 1067 3074; x_wconf 89' lang='lat' dir='ltr'>autem</span> <span class='ocrx_word' id='word_1_160' title='bbox 1086 3015 1223 3074; x_wconf 79' lang='lat' dir='ltr'>assentitur</span> <span class='ocrx_word' id='word_1_161' title='bbox 1233 3015 1298 3073; x_wconf 80' lang='lat' dir='ltr'>Car.</span> 
     </span>
     <span class='ocr_line' id='line_1_26' title="bbox 342 3085 1296 3180; baseline 0.003 -24"><span class='ocrx_word' id='word_1_162' title='bbox 342 3119 396 3180; x_wconf 88' lang='lat' dir='ltr'>que</span> <span class='ocrx_word' id='word_1_163' title='bbox 409 3099 572 3158; x_wconf 87' lang='lat' dir='ltr'>editionibus</span> <span class='ocrx_word' id='word_1_164' title='bbox 583 3101 766 3159; x_wconf 82' lang='lat' dir='ltr'>uetustiffimis.</span> <span class='ocrx_word' id='word_1_165' title='bbox 779 3103 782 3119; x_wconf 92' lang='lat'>&#39;</span> <span class='ocrx_word' id='word_1_166' title='bbox 832 3100 994 3178; x_wconf 86' lang='lat' dir='ltr'>Stephanus.</span> <span class='ocrx_word' id='word_1_167' title='bbox 1026 3101 1113 3159; x_wconf 89' lang='lat' dir='ltr'>Nunc</span> <span class='ocrx_word' id='word_1_168' title='bbox 1125 3085 1234 3177; x_wconf 90' lang='lat' dir='ltr'>Sulpitii</span> <span class='ocrx_word' id='word_1_169' title='bbox 1254 3123 1296 3159; x_wconf 89' lang='lat' dir='ltr'>ar·</span> 
     </span>
     <span class='ocr_line' id='line_1_27' title="bbox 384 3183 1296 3263; baseline 0.004 -24"><span class='ocrx_word' id='word_1_170' title='bbox 384 3201 400 3262; x_wconf 81' lang='grc' dir='ltr'><em>ς</em></span> <span class='ocrx_word' id='word_1_171' title='bbox 421 3185 523 3263; x_wconf 76' lang='lat' dir='ltr'>vulgo,</span> <span class='ocrx_word' id='word_1_172' title='bbox 537 3187 687 3244; x_wconf 78' lang='lat' dir='ltr'>urbanitatis</span> <span class='ocrx_word' id='word_1_173' title='bbox 699 3187 805 3263; x_wconf 73' lang='lat' dir='ltr'>ess&#39;efh·</span> <span class='ocrx_word' id='word_1_174' title='bbox 833 3201 990 3261; x_wconf 75' lang='lat' dir='ltr'>gurnentum</span> <span class='ocrx_word' id='word_1_175' title='bbox 1001 3183 1094 3242; x_wconf 84' lang='lat' dir='ltr'>fortius</span> <span class='ocrx_word' id='word_1_176' title='bbox 1105 3185 1151 3254; x_wconf 82' lang='lat' dir='ltr'>est,</span> <span class='ocrx_word' id='word_1_177' title='bbox 1168 3184 1234 3262; x_wconf 88' lang='lat' dir='ltr'>quia</span> <span class='ocrx_word' id='word_1_178' title='bbox 1246 3185 1296 3243; x_wconf 89' lang='lat' dir='ltr'>du·</span> 
     </span>
     <span class='ocr_line' id='line_1_28' title="bbox 343 3267 1295 3349; baseline 0.004 -24"><span class='ocrx_word' id='word_1_179' title='bbox 343 3269 474 3342; x_wconf 70' lang='lat' dir='ltr'>reamari]</span> <span class='ocrx_word' id='word_1_180' title='bbox 495 3270 625 3348; x_wconf 75' lang='lat' dir='ltr'>Sulpicius</span> <span class='ocrx_word' id='word_1_181' title='bbox 644 3271 672 3328; x_wconf 91' lang='lat' dir='ltr'>in</span> <span class='ocrx_word' id='word_1_182' title='bbox 690 3274 743 3330; x_wconf 92' lang='lat' dir='ltr'>hoc</span> <span class='ocrx_word' id='word_1_183' title='bbox 765 3274 803 3331; x_wconf 75' lang='lat' dir='ltr'>lo</span> <span class='ocrx_word' id='word_1_184' title='bbox 832 3267 1295 3349; x_wconf 78' lang='lat' dir='ltr'>citurabipliusCaesarisconfeliio·</span> 
     </span>
     <span class='ocr_line' id='line_1_29' title="bbox 343 3353 1295 3434; baseline 0.002 -21"><span class='ocrx_word' id='word_1_185' title='bbox 343 3376 376 3413; x_wconf 92' lang='lat' dir='ltr'>co</span> <span class='ocrx_word' id='word_1_186' title='bbox 394 3353 526 3412; x_wconf 76' lang='lat' dir='ltr'>Cael‘arem</span> <span class='ocrx_word' id='word_1_187' title='bbox 548 3372 615 3426; x_wconf 87' lang='lat' dir='ltr'>orat,</span> <span class='ocrx_word' id='word_1_188' title='bbox 636 3375 665 3413; x_wconf 90' lang='lat' dir='ltr'>ut</span> <span class='ocrx_word' id='word_1_189' title='bbox 683 3359 717 3416; x_wconf 91' lang='lat' dir='ltr'>de</span> <span class='ocrx_word' id='word_1_190' title='bbox 734 3355 803 3416; x_wconf 87' lang='lat' dir='ltr'>face·</span> <span class='ocrx_word' id='word_1_191' title='bbox 833 3375 878 3412; x_wconf 80' lang='lat' dir='ltr'>no:</span> <span class='ocrx_word' id='word_1_192' title='bbox 900 3355 1004 3414; x_wconf 77' lang='lat' dir='ltr'>dixerat</span> <span class='ocrx_word' id='word_1_193' title='bbox 1022 3354 1097 3413; x_wconf 90' lang='lat' dir='ltr'>enim</span> <span class='ocrx_word' id='word_1_194' title='bbox 1111 3355 1200 3413; x_wconf 75' lang='lat' dir='ltr'>Caesar</span> <span class='ocrx_word' id='word_1_195' title='bbox 1211 3377 1237 3414; x_wconf 87' lang='lat' dir='ltr'>c.</span> <span class='ocrx_word' id='word_1_196' title='bbox 1249 3373 1295 3434; x_wconf 80' lang='lat'>54.</span> 
     </span>
     <span class='ocr_line' id='line_1_30' title="bbox 342 3439 1297 3524; baseline 0.004 -26"><span class='ocrx_word' id='word_1_197' title='bbox 342 3439 388 3498; x_wconf 90' lang='lat' dir='ltr'>tiis</span> <span class='ocrx_word' id='word_1_198' title='bbox 414 3440 545 3517; x_wconf 87' lang='lat' dir='ltr'>disputet:</span> <span class='ocrx_word' id='word_1_199' title='bbox 569 3457 604 3512; x_wconf 89' lang='lat' dir='ltr'>et,</span> <span class='ocrx_word' id='word_1_200' title='bbox 625 3458 654 3498; x_wconf 90' lang='lat' dir='ltr'>ut</span> <span class='ocrx_word' id='word_1_201' title='bbox 677 3443 703 3500; x_wconf 87' lang='lat' dir='ltr'>l&#39;e</span> <span class='ocrx_word' id='word_1_202' title='bbox 723 3445 804 3502; x_wconf 88' lang='lat' dir='ltr'>babet</span> <span class='ocrx_word' id='word_1_203' title='bbox 831 3443 932 3500; x_wconf 77' lang='lat' dir='ltr'>nrulrim</span> <span class='ocrx_word' id='word_1_204' title='bbox 952 3449 978 3500; x_wconf 80' lang='lat' dir='ltr'>in</span> <span class='ocrx_word' id='word_1_205' title='bbox 995 3445 1078 3518; x_wconf 71' lang='lat' dir='ltr'>cariffir</span> <span class='ocrx_word' id='word_1_206' title='bbox 1092 3443 1200 3521; x_wconf 70' lang='lat' dir='ltr'>perstrpe</span> <span class='ocrx_word' id='word_1_207' title='bbox 1219 3445 1297 3524; x_wconf 60' lang='lat' dir='ltr'>lepore</span> 
     </span>
     <span class='ocr_line' id='line_1_31' title="bbox 340 3526 1293 3608; baseline 0.008 -27"><span class='ocrx_word' id='word_1_208' title='bbox 340 3529 449 3602; x_wconf 79' lang='lat' dir='ltr'>vulgata</span> <span class='ocrx_word' id='word_1_209' title='bbox 471 3527 558 3596; x_wconf 71' lang='lat' dir='ltr'>lectio,</span> <span class='ocrx_word' id='word_1_210' title='bbox 579 3528 632 3584; x_wconf 90' lang='lat' dir='ltr'>hoc</span> <span class='ocrx_word' id='word_1_211' title='bbox 645 3547 804 3604; x_wconf 84' lang='lat' dir='ltr'>argumento</span> <span class='ocrx_word' id='word_1_212' title='bbox 831 3545 854 3583; x_wconf 81' lang='lat' dir='ltr'>rt</span> <span class='ocrx_word' id='word_1_213' title='bbox 874 3527 978 3602; x_wconf 68' lang='lat' dir='ltr'>ficariis</span> <span class='ocrx_word' id='word_1_214' title='bbox 1002 3526 1093 3608; x_wconf 75' lang='lat' dir='ltr'>prefici</span> <span class='ocrx_word' id='word_1_215' title='bbox 1114 3530 1183 3586; x_wconf 73' lang='lat' dir='ltr'>vird.</span> <span class='ocrx_word' id='word_1_216' title='bbox 1231 3529 1293 3588; x_wconf 87' lang='lat' dir='ltr'>MS.</span> 
     </span>
     <span class='ocr_line' id='line_1_32' title="bbox 342 3611 1295 3691; baseline 0.01 -23"><span class='ocrx_word' id='word_1_217' title='bbox 342 3611 439 3668; x_wconf 85' lang='lat' dir='ltr'>uritur:</span> <span class='ocrx_word' id='word_1_218' title='bbox 461 3611 526 3690; x_wconf 88' lang='lat' dir='ltr'>quia</span> <span class='ocrx_word' id='word_1_219' title='bbox 540 3633 598 3682; x_wconf 86' lang='lat' dir='ltr'>nos,</span> <span class='ocrx_word' id='word_1_220' title='bbox 617 3613 716 3691; x_wconf 89' lang='lat' dir='ltr'>inquit,</span> <span class='ocrx_word' id='word_1_221' title='bbox 738 3613 802 3674; x_wconf 87' lang='lat' dir='ltr'>fate·</span> <span class='ocrx_word' id='word_1_222' title='bbox 831 3615 915 3674; x_wconf 84' lang='lat' dir='ltr'>Norf.</span> <span class='ocrx_word' id='word_1_223' title='bbox 937 3617 1034 3674; x_wconf 84' lang='lat' dir='ltr'>habeat</span> <span class='ocrx_word' id='word_1_224' title='bbox 1045 3616 1187 3690; x_wconf 30' lang='lat' dir='ltr'>lfhteamar,</span> <span class='ocrx_word' id='word_1_225' title='bbox 1208 3617 1252 3675; x_wconf 87' lang='lat' dir='ltr'>sed</span> <span class='ocrx_word' id='word_1_226' title='bbox 1278 3618 1295 3678; x_wconf 75' lang='lat' dir='ltr'>d</span> 
     </span>
     <span class='ocr_line' id='line_1_33' title="bbox 342 3697 1295 3780; baseline 0.009 -26"><span class='ocrx_word' id='word_1_227' title='bbox 342 3717 404 3754; x_wconf 88' lang='lat' dir='ltr'>mur</span> <span class='ocrx_word' id='word_1_228' title='bbox 416 3715 459 3755; x_wconf 87' lang='lat' dir='ltr'>eas</span> <span class='ocrx_word' id='word_1_229' title='bbox 473 3697 525 3756; x_wconf 82' lang='lat' dir='ltr'>ell&#39;e</span> <span class='ocrx_word' id='word_1_230' title='bbox 532 3699 628 3756; x_wconf 87' lang='lat' dir='ltr'>oratori</span> <span class='ocrx_word' id='word_1_231' title='bbox 640 3699 728 3758; x_wconf 88' lang='lat' dir='ltr'>utiles.</span> <span class='ocrx_word' id='word_1_232' title='bbox 757 3701 803 3759; x_wconf 89' lang='lat' dir='ltr'>In·</span> <span class='ocrx_word' id='word_1_233' title='bbox 831 3723 933 3779; x_wconf 81' lang='lat' dir='ltr'>nupera</span> <span class='ocrx_word' id='word_1_234' title='bbox 952 3723 1032 3760; x_wconf 88' lang='lat' dir='ltr'>manu</span> <span class='ocrx_word' id='word_1_235' title='bbox 1046 3703 1188 3780; x_wconf 72' lang='lat' dir='ltr'>scriptum</span> <span class='ocrx_word' id='word_1_236' title='bbox 1209 3705 1295 3763; x_wconf 86' lang='lat' dir='ltr'>credi-</span> 
     </span>
     <span class='ocr_line' id='line_1_34' title="bbox 340 3783 1295 3864; baseline 0.01 -25"><span class='ocrx_word' id='word_1_237' title='bbox 340 3797 402 3858; x_wconf 89' lang='lat' dir='ltr'>epta</span> <span class='ocrx_word' id='word_1_238' title='bbox 418 3783 479 3842; x_wconf 74' lang='lat' dir='ltr'>sane</span> <span class='ocrx_word' id='word_1_239' title='bbox 502 3785 706 3863; x_wconf 87' lang='lat' dir='ltr'>argumentatio.</span> <span class='ocrx_word' id='word_1_240' title='bbox 746 3787 804 3844; x_wconf 87' lang='lat' dir='ltr'>Ve-</span> <span class='ocrx_word' id='word_1_241' title='bbox 830 3787 885 3845; x_wconf 90' lang='lat' dir='ltr'>bile</span> <span class='ocrx_word' id='word_1_242' title='bbox 897 3787 934 3846; x_wconf 89' lang='lat' dir='ltr'>est</span> <span class='ocrx_word' id='word_1_243' title='bbox 952 3788 1017 3846; x_wconf 88' lang='lat' dir='ltr'>olim</span> <span class='ocrx_word' id='word_1_244' title='bbox 1029 3787 1148 3864; x_wconf 35' lang='lat' dir='ltr'>&#39;haumar</span> <span class='ocrx_word' id='word_1_245' title='bbox 1168 3787 1206 3846; x_wconf 91' lang='lat' dir='ltr'>ibi</span> <span class='ocrx_word' id='word_1_246' title='bbox 1224 3792 1295 3850; x_wconf 81' lang='lat' dir='ltr'>exti-</span> 
     </span>
     <span class='ocr_line' id='line_1_35' title="bbox 341 3867 1295 3952; baseline 0.014 -28"><span class='ocrx_word' id='word_1_247' title='bbox 341 3867 440 3924; x_wconf 85' lang='lat' dir='ltr'>riorem</span> <span class='ocrx_word' id='word_1_248' title='bbox 454 3871 539 3927; x_wconf 91' lang='lat' dir='ltr'>multo</span> <span class='ocrx_word' id='word_1_249' title='bbox 552 3887 578 3928; x_wconf 87' lang='lat' dir='ltr'>et</span> <span class='ocrx_word' id='word_1_250' title='bbox 599 3871 737 3928; x_wconf 88' lang='lat' dir='ltr'>meliorem</span> <span class='ocrx_word' id='word_1_251' title='bbox 751 3871 804 3928; x_wconf 88' lang='lat' dir='ltr'>lec·</span> <span class='ocrx_word' id='word_1_252' title='bbox 830 3874 905 3942; x_wconf 80' lang='lat' dir='ltr'>tille3</span> <span class='ocrx_word' id='word_1_253' title='bbox 927 3891 953 3932; x_wconf 88' lang='lat' dir='ltr'>et</span> <span class='ocrx_word' id='word_1_254' title='bbox 969 3875 986 3931; x_wconf 89' lang='lat' dir='ltr'>sr</span> <span class='ocrx_word' id='word_1_255' title='bbox 1000 3874 1061 3952; x_wconf 88' lang='lat' dir='ltr'>quis</span> <span class='ocrx_word' id='word_1_256' title='bbox 1074 3874 1184 3932; x_wconf 71' lang='lat' dir='ltr'>dudum</span> <span class='ocrx_word' id='word_1_257' title='bbox 1205 3875 1295 3936; x_wconf 85' lang='lat' dir='ltr'>litera·</span> 
     </span>
     <span class='ocr_line' id='line_1_36' title="bbox 343 3950 1296 4037; baseline 0.014 -29"><span class='ocrx_word' id='word_1_258' title='bbox 343 3950 446 4008; x_wconf 85' lang='lat' dir='ltr'>tionem</span> <span class='ocrx_word' id='word_1_259' title='bbox 472 3954 602 4013; x_wconf 81' lang='lat' dir='ltr'>exhibent</span> <span class='ocrx_word' id='word_1_260' title='bbox 622 3957 696 4013; x_wconf 89' lang='lat' dir='ltr'>MSti</span> <span class='ocrx_word' id='word_1_261' title='bbox 722 3959 802 4035; x_wconf 74' lang='lat' dir='ltr'>joan.</span> <span class='ocrx_word' id='word_1_262' title='bbox 830 3979 889 4017; x_wconf 85' lang='lat' dir='ltr'>rurn</span> <span class='ocrx_word' id='word_1_263' title='bbox 901 3958 929 4016; x_wconf 88' lang='lat' dir='ltr'>in</span> <span class='ocrx_word' id='word_1_264' title='bbox 944 3957 1066 4017; x_wconf 76' lang='lat' dir='ltr'>issoni-s.</span> <span class='ocrx_word' id='word_1_265' title='bbox 1079 3959 1199 4037; x_wconf 82' lang='lat' dir='ltr'>aspiciat,</span> <span class='ocrx_word' id='word_1_266' title='bbox 1215 3957 1296 4021; x_wconf 79' lang='lat' dir='ltr'>facile</span> 
     </span>
     <span class='ocr_line' id='line_1_37' title="bbox 341 4035 1299 4124; baseline 0.01 -28"><span class='ocrx_word' id='word_1_267' title='bbox 341 4035 374 4096; x_wconf 92' lang='lat' dir='ltr'>N</span> <span class='ocrx_word' id='word_1_268' title='bbox 376 4055 419 4094; x_wconf 80' lang='lat' dir='ltr'>or.</span> <span class='ocrx_word' id='word_1_269' title='bbox 432 4051 460 4095; x_wconf 87' lang='lat' dir='ltr'>et</span> <span class='ocrx_word' id='word_1_270' title='bbox 472 4037 550 4118; x_wconf 84' lang='lat' dir='ltr'>Mag.</span> <span class='ocrx_word' id='word_1_271' title='bbox 563 4041 611 4120; x_wconf 86' lang='lat' dir='ltr'>qui</span> <span class='ocrx_word' id='word_1_272' title='bbox 624 4043 803 4123; x_wconf 73' lang='lat' dir='ltr'>habenrsau-</span> <span class='ocrx_word' id='word_1_273' title='bbox 829 4045 963 4124; x_wconf 80' lang='lat' dir='ltr'>agnoscet.</span> <span class='ocrx_word' id='word_1_274' title='bbox 993 4043 1086 4118; x_wconf 79' lang='lat' dir='ltr'>Porri),</span> <span class='ocrx_word' id='word_1_275' title='bbox 1105 4061 1196 4102; x_wconf 90' lang='lat' dir='ltr'>notam</span> <span class='ocrx_word' id='word_1_276' title='bbox 1210 4045 1299 4105; x_wconf 50' lang='lat' dir='ltr'>inter*</span> 
     </span>
     <span class='ocr_line' id='line_1_38' title="bbox 1143 4131 1294 4211; baseline 0.04 -21"><span class='ocrx_word' id='word_1_277' title='bbox 1143 4131 1294 4211; x_wconf 71' lang='lat' dir='ltr'>rogationis</span> 
     </span>
    </p>
   </div>
   <div class='ocr_carea' id='block_1_5' title="bbox 0 0 1434 4745">
    <p class='ocr_par' dir='ltr' id='par_1_13' title="bbox 0 0 1434 4745">
     <span class='ocr_line' id='line_1_39' title="bbox 0 0 1434 4745; baseline 0 0"><span class='ocrx_word' id='word_1_278' title='bbox 0 0 1434 4745; x_wconf 95' lang='lat' dir='ltr'> </span> 
     </span>
    </p>
   </div>
  </div>
 </body>
</html>
