2870 4742
201 394 333 484 ·118

240 1207 317 1266 LIX.

466 373 469 390 ’
584 391 1092 487 DuOuArouu

361 531 627 638 scriptionibus
643 533 894 614 controversia
910 531 977 625 est,
999 549 1194 613 contortas
1212 561 1273 616 res
1289 551 1332 613 et

358 645 455 748 diupo
472 643 647 723 difficiles
664 641 867 726 necessarid
879 642 1153 752 perdiscimus?
1178 643 1206 721 fi
1222 645 1331 753 leges

360 755 488 846 nobie,
521 777 585 834 aut
616 755 642 832 li
674 753 885 834 bominum
912 754 1124 861 peritorum
1153 753 1331 862 responsa

360 863 622 972 cognoscenda
641 864 740 954 sunt,
760 892 950 957 veremur,
970 891 1018 943 ue
1038 865 1145 960 ea,>sr
1165 865 1213 944 ab
1234 867 1331 948 ado·

358 976 539 1054 lesceutia
558 976 638 1084 juri
658 977 762 1055 civili
788 975 917 1056 minbs
933 974 1214 1084 studuerimus,
1245 1005 1329 1057 nou

361 1103 549 1196 queamus
569 1086 820 1188 cognoscere?
1102 1083 1104 1091 '

419 1197 584 1276 Nihilne
606 1198 724 1304 igitur
753 1193 903 1302 prodest
922 1196 1061 1276 oratori
1081 1195 1181 1306 juris
1200 1196 1330 1278 civilis

364 1307 543 1418 scientia?
573 1307 666 1388 Non
685 1306 836 1415 postirtn
856 1335 993 1413 negare
1012 1305 1182 1414 prodesse
1200 1308 1329 1388 ullam

357 1419 615 1512 scientiam,ei
630 1418 851 1526 praesertim,
864 1421 972 1526 cujus
984 1419 1205 1528 eloquentia
1216 1419 1329 1527 copia

360 1559 490 1610 -rerurn
506 1533 639 1610 debeat
651 1529 723 1609 ell'e
737 1548 889 1609 oruata:
912 1529 972 1608 sed
992 1532 1170 1608 mutuet
1185 1557 1329 1638 magna

363 1663 400 1722 et
420 1641 592 1720 difficilia
613 1643 699 1720 sunt
714 1655 772 1733 ea',
793 1667 880 1748 quae
899 1639 985 1718 suut
1001 1637 1140 1720 orituri
1160 1640 1325 1720 necessa·

358 1753 433 1846 ria,
457 1773 499 1830 ut
519 1756 599 1858 ejus
619 1747 846 1830 industrium
866 1750 906 1826 in
926 1751 1039 1856 plura
1052 1749 1174 1830 studia
1188 1749 1326 1832 distra-

363 1864 455 1942 here
474 1865 610 1942 uolitn.
655 1861 754 1960 Quis
770 1879 883 1968 neget
897 1889 993 1968 opus
1013 1860 1085 1942 esl'e
1103 1862 1262 1957 oratori,
1285 1863 1327 1942 in

363 1975 439 2054 hoc
458 1973 624 2053 oratorio
639 1988 749 2052 motu
766 1971 952 2079 statuque,
968 1971 1094 2052 Roscii
1114 1972 1269 2080 gestum
1288 1992 1327 2052 et

361 2084 628 2164 venustatem?
662 2101 793 2162 tamen
823 2108 941 2163 uerno
970 2082 1123 2162 suaserit
1153 2083 1328 2166 studiofis

361 2194 512 2275 dicendi
534 2193 836 2274 adolescentibus
866 2193 905 2273 in
926 2192 1033 2302 gestu
1054 2191 1233 2274 discendo
1260 2195 1325 2275 hi·

360 2306 549 2386 striouurn
580 2333 686 2386 more
706 2305 909 2384 elaborare.
968 2305 1075 2404 Quid
1101 2303 1155 2383 est
1184 2305 1328 2387 oratori

358 2439 442 2498 tarn
462 2417 724 2510 necessarium,
750 2415 869 2524 qudrn
888 2415 988 2493 uox?
1022 2435 1153 2494 tamen
1172 2443 1238 2495 me
1259 2445 1331 2496 au-

358 2535 464 2610 dlore
495 2559 613 2611 nemo
644 2527 796 2607 dicendi
827 2525 1028 2620 studiosus,
1061 2527 1078 2574 ⁶·
1093 2526 1328 2608 Graecorum

360 2669 468 2720 more
497 2661 535 2718 et
567 2639 850 2747 tragoedorum,
891 2635 977 2737 voci
1008 2635 1157 2729 seruiet,
1189 2638 1257 2748 qui
1286 2660 1328 2716 et

360 2777 477 2830 anuos
491 2753 709 2860 complures
720 2745 890 2826 sedentes
903 2748 1164 2840 declamitant,
1176 2769 1215 2826 et
1226 2776 1327 2858 quo-

359 2862 467 2956 tidie,
482 2881 688 2971 antequam
708 2855 973 2964 pronuntient,
988 2885 1126 2938 vocem
1142 2859 1328 2939 cubantes

1189 2969 1327 3048 sentim

360 3179 388 3222 et
397 3163 506 3241 expensi
517 3161 710 3240 scriptioneres
721 3176 825 3224 notare;
857 3177 918 3234 quae
941 3180 995 3218 vox
1017 3157 1103 3238 tnagis
1127 3159 1160 3216 ad
1182 3157 1220 3230 id,
1248 3161 1326 3238 quod

360 3249 452 3308 earum
479 3253 545 3308 verd
578 3247 739 3318 notationes,
765 3263 824 3327 per·
858 3245 956 3304 Cicero
982 3247 1068 3304 voluit
1087 3245 1184 3316 dicere,
1218 3247 1327 3306 videntt

346 3339 496 3415 Jiriptr'anes
508 3337 673 3396 dicebantur.
858 3335 1076 3402 accommodarem
1101 3334 1275 3412 preliribitraer
1296 3355 1326 3394 e-

401 3424 419 3486 6
440 3425 590 3480 Graecorum
605 3444 672 3479 more
690 3439 716 3481 et
735 3439 827 3502 tragoe-
858 3419 915 3478 nint
938 3421 976 3478 etl
999 3419 1163 3498 praecipitur,
1181 3421 1326 3500 preceptis

360 3510 472 3586 dorum„
486 3515 545 3566 duci
574 3511 702 3584 struite]
752 3510 828 3568 Beue
857 3507 978 3566 traditur.

361 3595 461 3654 Lamb.
470 3595 630 3654 audloritute
640 3597 720 3653 trium
732 3597 827 3654 MSto-
897 3597 912 3652 8
927 3598 1086 3670 Asianorum]
1106 3597 1256 3654 Nonnullis
1267 3599 1324 3675 pla-

360 3704 421 3741 rum
444 3682 515 3741 delet
536 3682 604 3740 illud
626 3700 667 3740 er:
700 3683 754 3754 sed,
774 3684 827 3741 five
856 3682 912 3742 cuit
935 3705 988 3743 vox
1012 3687 1166 3755 Now'onrn,
1191 3678 1326 3743 Turue'bo

362 3769 517 3840 retineatur,
539 3770 593 3828 sive
615 3768 744 3846 ejiciatur,
769 3771 826 3847 poll
856 3775 921 3830 verb
943 3773 1149 3843 ilsr'nurin'ouuu,
1173 3773 1247 3831 MSti
1268 3772 1325 3832 sere

271 3927 276 3940 ἱ
361 3872 457 3912 vocem
470 3856 646 3932 dirigtedorum
659 3879 766 3916 contrua
778 3879 827 3936 po·
858 3860 1120 3918 habentrlsuninnon.
1160 3859 1259 3918 Sedde
1273 3881 1322 3916 uo-

362 3941 483 4005 uendum
497 3943 543 4002 cst.
859 3946 933 4004 utine
955 3968 1050 4025 parum
1074 3945 1179 4005 solliciti
1200 3947 1255 4006 ell'e
1276 3947 1323 4005 de-

405 4043 420 4102 7
453 4035 544 4106 quoties
572 4031 734 4108 perscridirur
762 4033 827 4106 eto]
859 4035 962 4092 bernus.
987 4035 1051 4092 Hoc
1065 4033 1244 4103 constat,tutn
1255 4033 1322 4090 Pa-

362 4111 515 4184 Manutius,
534 4115 678 4189 Strebaeus,
698 4133 725 4176 et
744 4118 827 4176 Lam·
858 4143 938 4190 aneta,
977 4136 1035 4188 turn
1071 4119 1218 4176 Marionem
1247 4115 1324 4178 fuine

363 4201 445 4272 binus
467 4195 608 4266 edderunt
635 4206 826 4287 prascrlditur·;
859 4205 982 4282 Cantica,
997 4205 1176 4286 velquaedam
1190 4204 1323 4264 cantionis

1212 4311 1321 4372 ssffifflt
