2864 4732
233 356 430 462 ‘128‘
604 361 1108 458 DeOanronr

304 523 306 528 '
372 513 487 601 filare,
497 525 543 586 ut
557 505 658 587 nihil
672 505 745 586 else
756 505 797 606 ,ei
811 535 971 601 novum,
991 506 1091 587 nihil
1112 475 1337 588 inauditum

375 618 576 698 videretur.
607 617 670 698 De
681 617 859 698 Antonio
870 617 971 711 verd,
983 645 1221 727 quamquam
1237 620 1339 726 saepe

375 757 424 812 ex
442 727 716 810 humanissimo
735 728 911 821 homine,
943 752 1081 836 patruo
1099 725 1244 820 nostro,
1271 759 1339 807 ac-

373 867 611 947 ceperamus,
642 841 974 948 quemadmodum
997 840 1063 918 ille
1082 838 1147 942 vel
1165 837 1338 918 Athenis

372 951 436 1030 vel
450 951 581 1030 Rhodi
597 949 632 1029 se
648 950 949 1046 dodilffimorum
965 943 1174 1030 hominuni
1189 949 1337 1034 sermo-

316 1050 319 1056 *
372 1062 487 1141 nibus
525 1059 705 1150 dedill'et3
746 1079 878 1142 tamen
907 1060 982 1167 ipse
1011 1059 1335 1150 adolescentulum

371 1192 562 1282 quantum
575 1169 679 1248 illius
692 1169 860 1249 ineuntis
874 1171 996 1250 aetatis
1010 1198 1107 1249 meae
1119 1168 1336 1276 patiebatur

371 1283 506 1389 pudor,
538 1282 663 1360 multa
682 1309 727 1360 ex
746 1309 792 1362 eo
811 1281 906 1388 saepe
924 1280 1094 1391 quaefivi.
1146 1271 1240 1361 Non
1260 1281 1335 1360 erit

350 1391 541 1500 profeci&
555 1391 642 1484 tibi,
659 1391 764 1500 quod
784 1390 921 1487 scribo,
942 1393 1017 1473 hoc
1038 1417 1210 1471 novum:
1239 1419 1336 1470 nam

363 1505 449 1612 jam
461 1522 547 1582 tum
559 1529 607 1582 ex
623 1531 686 1580 me
705 1502 893 1596 audiebas,
915 1501 1013 1581 mihi
1028 1502 1143 1581 illum
1158 1529 1206 1580 ex
1226 1504 1337 1580 mul·

369 1612 418 1692 tis
437 1613 623 1722 variisque
644 1613 880 1692 sermonibus
896 1612 1040 1692 nullius
1061 1610 1129 1705 rei,
1143 1639 1231 1723 quae
1245 1613 1337 1722 qui·

373 1725 463 1802 dem
478 1721 567 1802 ellet
587 1723 628 1801 in
644 1723 689 1801 iis
705 1723 861 1815 artibuS,
881 1725 927 1802 de
945 1723 1085 1833 quibus
1105 1723 1250 1832 aliquid
1268 1751 1337 1802 ex·
1421 1723 1422 1806 l

373 1833 542 1913 istimare
562 1829 722 1938 postem,
744 1833 880 1911 rudem
901 1853 966 1912 aut
984 1833 1162 1942 ignarum
1181 1831 1254 1914 effe
1272 1835 1336 1913 vi-
1421 1829 1422 1866 ³

374 1941 471 2022 stim.
501 1942 573 2022 Sed
589 1941 664 2021 fuit
678 1941 752 2022 hoc
768 1941 808 2020 in
822 1962 984 2052 utroque
996 1973 1147 2047 eorum,
1158 1963 1202 2022 ut
1217 1941 1336 2024 Cras-

278 2116 282 2130 .
371 2052 432 2146 sus
452 2080 531 2132 non
550 2071 633 2132 tam
652 2050 858 2131 existimari
887 2055 1004 2132 vellet
1034 2083 1113 2134 non
1144 2051 1332 2149 didicistis,
1421 2055 1422 2126 l

371 2162 491 2272 quim
510 2163 578 2246 illa
592 2160 795 2268 despicere,
826 2184 864 2242 et
883 2163 1102 2244 nostrorum
1121 2163 1335 2247 hominum

373 2273 536 2352 inomni
550 2301 688 2384 genere
704 2273 946 2380 prudentiam
959 2275 1108 2355 Graecis
1124 2275 1332 2356 anteferre:

374 2384 573 2466 Antonius
593 2405 724 2464 autem
745 2390 755 2424 ²
775 2385 1072 2491 probabiliorem
1092 2385 1168 2465 hoc
1186 2387 1336 2492 populo

370 2495 589 2576 ⁴orationem
610 2495 690 2574 fore
710 2494 882 2575 censebat
901 2495 1024 2590 suam,
1046 2493 1072 2574 fi
1091 2498 1256 2578 omnino
1275 2495 1335 2575 di·

247 2615 250 2623 '
372 2605 502 2684 dicille
517 2633 734 2714 numquam
745 2625 960 2712 putaretur:
982 2625 1095 2716 atque
1110 2605 1162 2692 ita
1177 2605 1212 2685 se
1227 2625 1337 2686 uter·
1421 2615 1422 2656 r

284 2755 289 2762 ·
372 2741 449 2822 que
466 2715 684 2822 graviorem
699 2715 792 2808 fore,
808 2716 833 2793 fi
850 2717 942 2794 alter
957 2737 1218 2811 contemnere,
1237 2718 1336 2796 alter

372 2853 421 2904 ne
442 2823 544 2904 nolle
563 2821 721 2934 quidem
735 2825 895 2906 Graecos
911 2825 1112 2908 videretur.
1150 2829 1335 2926 Quorum

373 2933 576 3055 consilium
586 2935 700 3046 quale
712 2927 840 3032 fuerit,
853 2935 953 3017 nihil
973 2936 1058 3018 saud
1073 2939 1119 3018 ad
1139 2937 1214 3019 hoc
1230 2955 1335 3018 tem-

294 3215 306 3229 .
371 3165 502 3246 exemplis
516 3169 586 3243 utar)
609 3164 837 3252 Ovidde'Trist.
865 3166 957 3239 etiam,
977 3145 1054 3246 qudd
1073 3164 1118 3224 hoc
1135 3077 1336 3249 semperphiiiel
1421 3123 1422 3216 l

373 3274 441 3312 νη.
459 3257 502 3313 16.
869 3254 908 3310 vel
931 3253 1136 3331 praecedentem,
1158 3259 1200 3314 vel
1219 3259 1350 3336 sequen,

409 3339 564 3413 Praemoaeo,
592 3363 724 3422 numquam
739 3343 838 3422 scripta
867 3354 921 3396 teni
942 3337 1100 3417 particulam
1113 3339 1186 3418 quid,
1205 3345 1334 3422 velquia.

452 3427 530 3506 quod
542 3425 695 3506 rstalrgant.
866 3425 919 3484 Sed
938 3424 968 3484 in
981 3426 1034 3483 boc
1047 3425 1107 3484 loeo
1120 3446 1175 3484 vox
1193 3425 1240 3486 hoc
1260 3429 1333 3508 post·

413 3535 428 3591 3
448 3512 640 3594 probabilium
663 3516 717 3572 hoc
733 3511 836 3599 populo]
867 3510 977 3590 ponitur
1001 3510 1195 3589 comparativo,
1226 3531 1254 3574 et
1276 3535 1335 3575 non
1421 3579 1422 3582 ,

329 3605 335 3613 '
371 3597 414 3660 Ut
426 3598 453 3660 se
465 3599 547 3658 habet
559 3601 668 3676 vulgata
681 3598 770 3668 lenio,
784 3615 838 3654 vox
866 3595 948 3654 aliam
968 3597 1051 3654 habet
1063 3595 1232 3673 particulam,
1248 3599 1334 3678 quiam

371 3685 426 3758 hoc,
444 3685 543 3744 eodem
559 3684 644 3756 senta,
664 3683 769 3764 quoda,
789 3703 838 3760 po-
885 3681 1109 3759 ,insequentem
1149 3681 1233 3742 Facili
1251 3684 1336 3764 igitur
1421 3725 1422 3728 =

371 3772 446 3831 nitur
453 3769 651 3830 adverbialiter:
666 3770 711 3828 sed
719 3785 840 3847 utreque
868 3766 1017 3828 mutatione
1030 3769 1121 3824 locum
1133 3766 1170 3828 lic
1182 3767 1246 3828 licet
1259 3767 1333 3830 resti·

372 3855 475 3938 semper
495 3856 551 3918 fere
569 3855 759 3935 comparativis
771 3875 838 3932 prae-
868 3872 958 3924 tuerm
979 3855 1103 3912 Antonius
1117 3869 1199 3914 autem
1212 3855 1334 3936 probabi·
1421 3889 1422 3908 r

373 3959 522 4025 ponuntur,
543 3958 573 4001 ut
592 3943 662 4024 saepe
675 3941 748 4019 apud
760 3941 839 4002 Cice·
866 3943 950 4001 liorem
963 3940 1027 4002 huic
1033 3941 1122 4022 populo
1133 3943 1336 4020 nmimemfirt

375 4049 469 4093 ionem
491 4029 574 4088 babes
596 4027 642 4087 hoc
659 4028 776 4104 facilius,
796 4027 841 4084 hoc
867 4025 1064 4104 cetfibatfieam,
1075 4027 1164 4103 fiete·
1202 4026 1276 4089 Hui
1287 4043 1335 4108 po·
1421 4059 1422 4068 1

373 4120 463 4198 mgis,
482 4113 726 4194 hocirffrrioresetc.
760 4113 840 4176 Adde
865 4115 934 4193 palo,
964 4113 1033 4174 ire
1051 4110 1165 4192 'populo
1187 4109 1335 4178 moino:
1421 4149 1422 4160 κ

1267 4219 1335 4266 non
1421 4219 1422 4276 ι
