2858 4746
403 377 715 486 Lrnunll,
763 393 844 508 48.

128 523 281 608 viderer
299 529 518 630 seditiosum
533 533 672 627 civem,
692 551 730 612 et
751 534 790 614 in
811 531 982 611 hominis
995 559 1089 613 con-

127 638 266 717 sularis
281 642 497 724 calamitate
513 646 724 740 crudelem,
755 643 856 750 posse
875 643 1089 725 defendere.

127 745 256 828 Erant
266 751 407 858 optimi
423 755 524 834 cives
533 756 696 865 judices,
712 758 905 835 bonorum
918 755 1094 834 virorum

126 859 294 965 plenum
313 863 460 968 sorum,
491 867 556 956 vix
575 885 619 945 nt
649 867 749 946 mihi
769 865 894 944 tenuis
913 865 1092 974 quaedam

127 971 243 1050 venia
263 973 414 1055 daretur
428 977 695 1072 excusationis,
726 976 828 1086 qudd
847 996 977 1056 tamen
997 1003 1091 1056 euru

128 1079 392 1184 defenderem,
423 1087 491 1196 qui
511 1088 611 1167 mihi
630 1087 795 1199 quaestor
814 1086 953 1167 suisset.
1010 1083 1090 1166 ch

129 1217 204 1298 ego
216 1193 310 1298 quid
326 1194 452 1276 dicam
466 1227 528 1279 me
540 1221 661 1279 artem
676 1199 845 1309 aliquam
861 1193 1091 1278 adhibuisse?

126 1301 223 1409 quid
239 1303 409 1403 fecerim,
423 1312 602 1404 narrab03
623 1310 648 1388 sr
664 1309 860 1416 placuerit,
876 1337 946 1388 voa
959 1337 1090 1388 meam

126 1413 390 1496 desenfionem
419 1420 460 1498 in
489 1421 619 1529 aliquo
647 1419 737 1499 artis
766 1421 853 1498 loco
881 1418 1087 1525 reponetis.

125 1523 327 1604 Omnium
346 1527 576 1628 seditionum
596 1557 751 1637 genera,
782 1527 889 1622 vitia,
921 1529 1091 1634 pericula

122 1635 292 1743 collegi3
321 1665 484 1750 eamque
502 1641 718 1721 orationem
734 1667 780 1720 ex
795 1638 905 1719 omni
919 1638 1091 1745 Reipub-

124 1745 216 1824 licae
228 1745 366 1827 nostrae
379 1769 600 1858 temporum
613 1750 792 1831 varietate
804 1749 983 1856 repetivi3
998 1777 1091 1843 con-

124 1855 297 1964 clusique
317 1858 384 1954 ita,
406 1881 450 1940 ut
470 1864 653 1958 dicerem,
674 1862 740 1940 etsr
759 1887 896 1942 omnes
916 1859 1090 1939 molestae

125 1963 276 2071 semper
295 1967 495 2052 seditiones
515 1973 682 2066 fuissent,
695 1971 816 2081 justas
828 1993 959 2051 tamen
977 1970 1089 2050 fuisse

123 2079 336 2158 nonnullas
349 2101 386 2159 et
401 2111 517 2190 prope
532 2082 761 2162 necefl'arias.
779 2083 893 2162 Tum
908 2081 988 2174 illa,
999 2109 1089 2191 quae

123 2187 246 2270 modd
255 2188 407 2270 Crassus
420 2194 761 2287 commemorabat,
776 2193 851 2302 egi,
871 2193 1012 2301 Neque
1026 2221 1089 2272 re·

1074 400 1212 518 '213
1315 391 1322 399 ’

124 2325 194 2405 ges
209 2325 255 2378 ex
269 2297 339 2379 hac
355 2303 509 2384 civitate
529 2305 646 2413 exigi,
669 2331 793 2412 neque
813 2304 987 2383 tribunos
1005 2304 1089 2409 ple·
1146 2401 1151 2412 Ι

123 2408 185 2488 bis
200 2411 333 2505 creari,
356 2441 480 2524 neque
499 2415 704 2522 plebiscitis
714 2411 1087 2512 toties‘consularem

122 2519 513 2638 potestatem'minui‚
528 2553 652 2636 neque
671 2523 1001 2632 provocationem,
1023 2551 1089 2628 pa·

121 2653 280 2712 tronam
300 2632 411 2714 illam
429 2635 594 2717 civitatis
614 2663 657 2716 ac
672 2633 866 2714 vindicem
886 2631 1086 2724 libertatis,

123 2743 272 2849 populo
284 2741 464 2827 Romano
476 2748 556 2827 dari
571 2747 648 2825 sme
660 2745 854 2825 nobilium
865 2742 1088 2825 dissensione

121 2850 309 2960 potuisl'e:
329 2857 425 2950 ac,s1
442 2857 521 2937 illae
536 2857 737 2938 seditiones
751 2853 863 2934 saluti
882 2853 975 2936 huic
989 2855 1085 2935 civi-

123 2965 196 3044 tati
211 2963 378 3059 fuissent,
397 2997 478 3048 non
492 2967 690 3060 continud,
710 2966 735 3044 fi
755 2966 841 3074 quis
862 2983 992 3045 motus
1012 2995 1085 3072 po-

120 3073 208 3184 puli
228 3076 349 3154 fanus
365 3075 467 3171 esset,
487 3079 526 3157 id
540 3078 588 3157 C.
601 3077 787 3158 Norbano
803 3076 843 3154 in
857 3077 1003 3156 nefario
1013 3076 1088 3155 cri·

123 3186 235 3264 mine
249 3204 364 3296 atque
384 3186 424 3266 in
440 3190 570 3268 fraude
584 3187 738 3295 capitali
753 3183 825 3265 esse
838 3186 1084 3292 ponendum:
1185 3263 1190 3274 ,

124 3294 230 3406 qudd
251 3296 276 3373 li
296 3323 487 3413 umquam
505 3300 650 3406 populo
669 3297 850 3377 Romano
868 3295 1089 3378 concessum

123 3405 229 3500 esset,
242 3428 285 3485 ut
298 3409 385 3515 jure
399 3410 612 3489 concitatus
624 3409 815 3488 videretur
828 3405 885 3516 (id
900 3407 1087 3516 quoddo·

124 3520 262 3599 cebam
273 3519 375 3623 'saepe
385 3518 457 3597 elle
472 3517 724 3631 concessum),
735 3519 883 3598 nullam
899 3518 967 3595 illa
978 3517 1084 3596 caus-

124 3627 206 3710 sam
213 3627 420 3742 justiorem
436 3629 555 3712 fuiffe.
574 3631 686 3736 Tum
698 3651 859 3744 orp'nem
869 3626 1087 3814 oratioppem·

898 3751 901 3758 ’
934 3755 990 3818 tra
1019 3765 1088 3820 uxr

124 3959 183 4020 ou
209 3959 327 4020 naum
358 3958 402 4019 nr
425 3981 481 4020 μοι,
503 3959 591 4030 vna,
662 3977 679 4040 ς
702 3961 789 4038 saar
810 3975 834 4018 a
854 3933 988 4038 ,uniar
1013 3959 1089 4020 no

124 4066 181 4123 quo
207 4037 288 4106 sensu‘
309 4044 414 4106 dicatur
434 4062 522 4108 orator
540 4045 592 4104 ene
621 4069 684 4127 que
696 4047 824 4106 dicuntur
843 4043 877 4108 de
899 4047 953 4108 hoc
964 4046 1089 4117 cnor-

123 4131 277 4194 auctorne
287 4131 418 4212 persuum
623 4137 695 4196 bauo
709 4133 837 4196 iuc.28.

666 4217 721 4296 124
953 4219 1091 4324 *omre*
