2870 4742
205 488 299 559 102

550 429 1053 529 DrOuA'roua

322 573 388 669 dio
401 570 614 662 hominum
625 598 780 684 quoque
796 567 1291 680 ingeniosrslimorumotio-

322 683 626 794 fissrmorumquc
641 701 739 762 totas
760 703 889 762 aetates
904 680 1082 762 videmus
1103 679 1175 762 efl'e
1195 709 1290 760 con·

322 794 449 890 tritas3
468 822 636 904 quorum
648 821 722 901 ego
733 793 886 902 copiam
899 791 1292 902 magnitudinemque

323 903 558 1016 cognitionis
578 925 692 1016 atque
712 902 802 984 artis
833 933 913 985 non
943 903 1063 986 modo
1091 931 1172 983 non
1192 931 1291 983 con-.

322 1038 472 1111 temn0,
487 1013 550 1095 sed
565 1013 684 1094 etiam
698 1015 948 1098 vehementer
963 1013 1154 1098 admiror:
1178 1013 1295 1100 nobis

235 1167 238 1182 ¹
322 1147 472 1221 tamen,
494 1125 563 1236 qui
583 1124 624 1204 in
644 1125 720 1206 hoc
740 1126 884 1234 populo
904 1129 1068 1235 foroque
1083 1123 1294 1220 versamur,

323 1237 410 1320 satis
431 1237 486 1316 est
505 1265 548 1316 ea
568 1237 614 1316 de
633 1237 807 1318 moribus
827 1235 1039 1320 hominum
1068 1256 1107 1316 et
1133 1233 1226 1316 scire
1254 1256 1296 1315 et

323 1349 463 1443 dicere,
489 1376 576 1461 quae
595 1377 675 1428 non
691 1347 897 1428 abhorrent
912 1349 958 1434 ab
975 1345 1187 1426 hominum
1206 1376 1296 1427 mo·

324 1460 442 1540 ribus·
473 1458 573 1558 Quis
593 1457 701 1538 enirn
716 1487 905 1570 umquam
920 1478 1048 1540 orator
1067 1485 1234 1566 magnus
1254 1481 1296 1538 et

323 1571 464 1681 gravis,
478 1570 572 1652 ciun
587 1569 731 1650 iratum
751 1568 961 1650 adversario
972 1571 1149 1678 judicem
1168 1570 1295 1649 facero

218 1675 221 1688 ¹
323 1681 455 1776 vellet,
475 1679 663 1761 haefitavit
682 1681 834 1762 obeam
854 1679 1036 1776 caussam,
1053 1679 1157 1794 qudd
1172 1679 1296 1762 nesci·

325 1812 395 1887 ret,
414 1792 509 1916 quid
528 1789 619 1870 effer
637 1790 850 1886 iracundia,
873 1792 1048 1872 fervorne
1069 1792 1224 1886 mentiS,
1244 1821 1296 1874 an

225 1987 227 1990 ,
324 1917 340 1965 ⁷
354 1902 542 2010 cupiditas
556 1899 743 2007 puniendi
758 1901 920 1982 doloris?
941 1903 1054 2003 Quis,
1069 1899 1161 1982 clun
1180 1922 1296 1982 caete-

325 2041 388 2094 ros
399 2013 625 2092 animorum
639 2029 770 2090 motus
786 2032 851 2092 aut
859 2007 1056 2122 judicibus
1068 2032 1133 2094 aut
1148 2013 1297 2122 populo

326 2123 490 2216 dicendo
504 2119 662 2202 miscere
678 2141 791 2232 atque
808 2123 950 2232 agitare
970 2125 1099 2221 vellet,
1120 2155 1164 2204 ea
1179 2125 1294 2221 dixit,

326 2233 447 2346 quaed
462 2231 702 2342 philosophis
715 2231 790 2313 dici
808 2233 948 2320 solent?
967 2237 1036 2346 qui
1051 2235 1193 2344 partim
1206 2266 1295 2318 om-

327 2347 423 2438 nino
436 2366 566 2428 motus
578 2364 722 2455 negant
738 2343 779 2424 in
794 2343 935 2426 animis
946 2347 1048 2428 ullos
1061 2346 1133 2428 efl'e
1146 2349 1296 2442 debere,

327 2457 472 2582 quique
492 2485 558 2538 eos
588 2455 629 2536 in
652 2455 833 2566 judicum
864 2457 1061 2537 mentibus
1080 2457 1293 2556 concitent,

328 2568 478 2649 'scelus
494 2597 558 2653 eos
579 2567 774 2648 nefarium
795 2569 938 2648 facere:
968 2569 1125 2675 partim,
1147 2570 1214 2681 qui
1235 2589 1294 2649 to-

241 2699 245 2710 ‘
328 2679 563 2760 lerabiliotes
581 2680 721 2758 volunt
739 2677 827 2772 ell'e,
860 2700 898 2757 et
918 2679 965 2758 ad
985 2681 1187 2761 veritatem
1207 2679 1295 2760 vitae

328 2789 484 2897 propius
498 2787 687 2878 accedere,
702 2786 982 2894 permediocres
997 2820 1039 2871 ac
1053 2792 1181 2899 potius
1194 2794 1295 2873 leves

294 2905 299 2916 “
328 2921 460 2992 motus
472 2899 609 2978 debere
624 2896 697 2978 effe
717 2898 863 2980 dicunt.
903 2901 1045 2984 Orator
1064 2923 1195 2984 autem
1210 2933 1296 2984 orn,

215 3015 217 3020 ’
329 3010 395 3092 nia
409 3011 510 3104 haec,
532 3037 609 3119 qua
627 3029 811 3116 putantur
829 3011 869 3090 in
883 3015 1085 3095 communi
1101 3015 1295 3095 vitaecon-

330 3119 530 3202 suetudine
543 3121 646 3199 mala
659 3149 701 3200 ac
717 3121 891 3217 molesta,
903 3144 941 3202 et
954 3125 1153 3236 fugienda,
1168 3123 1298 3210 multd

331 3234 477 3364 majora
492 3251 530 3312 et
549 3232 743 3322 acerbiora
757 3233 883 3324 verbis
899 3235 1015 3332 sacit3
1043 3237 1216 3348 itemque
1236 3266 1296 3332 ea,

1212 3377 1299 3460 quae

372 3553 387 3612 7
417 3535 541 3616 cupiditas
574 3535 706 3613 puniendi
734 3537 802 3593 dolo·
831 3535 910 3594 Man.
926 3535 1052 3616 impressit
1064 3539 1144 3614 ſselns
1167 3563 1204 3596 eos
1226 3544 1300 3598 aiunl

331 3623 413 3700 pisl]
445 3623 464 3681 i.
475 3642 500 3680 e.
520 3620 666 3680 ulciscendi
689 3621 801 3693 doloris,
830 3623 952 3699 nqfizrium
974 3623 1078 3698 fircera:
1111 3625 1155 3684 sed
1192 3628 1300 3704 vulgata

330 3731 414 3788 quem
424 3709 542 3768 aliorum
555 3706 749 3784 injuriaenobis
762 3706 800 3768 se·
831 3707 911 3767 ledio
924 3709 997 3768 reste
1021 3710 1047 3769 se
1070 3711 1167 3771 habet:
1189 3712 1258 3790 sape
1270 3733 1300 3778 e-¹

332 3810 443 3868 cerunt:
462 3795 543 3854 srmili
557 3795 639 3856 modo
650 3797 752 3854 locutus
764 3795 802 3855 cll
832 3795 899 3864 nim,
917 3797 981 3854 cunr
999 3817 1053 3854 vox
1067 3797 1158 3876 aliqua
1175 3799 1301 3878 negativ'a

333 3881 434 3948 Cicero
461 3881 492 3956 in
511 3898 578 3941 orat.
606 3903 657 3960 pro
682 3882 800 3954 Milone,
832 3882 863 3940 in
871 3881 955 3960 priori
966 3881 1095 3948 sententia
1103 3883 1229 3960 occurrit,
1239 3885 1300 3947 sub-¹

332 3989 359 4043 ρ.
372 3986 416 4044 13.
434 3967 500 4042 ficit
522 3973 614 4038 iratus,
631 3969 697 4044 ficit
716 3973 801 4026 initui·
835 3968 994 4048 intelligitur
1018 3989 1071 4028 vox
1093 3970 1253 4031 uffinnatiua
1270 3971 1301 4036 in

333 4075 384 4130 fus,
394 4051 462 4126 ficit
474 4054 540 4124 altar
558 4051 672 4137 irtj'ariae,
691 4054 804 4133 punitor
831 4045 974 4142 posteriori
988 4055 1131 4114 sententia:
1146 4056 1194 4116 hic
1206 4057 1299 4136 igitur,

333 4137 482 4222 dolorisstei,
578 4140 581 4149 '
833 4141 1302 4220 cumpraeceditnegant,subauditur

268 4262 272 4270 ·
375 4226 393 4307 fd
407 4226 488 4306 stelas
508 4249 547 4314 ros
564 4227 688 4311 uffarium
698 4229 800 4308 facere]
832 4229 926 4294 dicuat.
953 4227 998 4288 Sic
1012 4227 1042 4304 in
1054 4228 1096 4310 iit,
1110 4250 1154 4306 14.
1167 4231 1300 4306 dimota·

1239 4318 1295 4392 ¹⁸.ss

1428 1437 1429 1456 t

1428 1551 1429 1578 l

1428 1601 1429 1620 t

1428 1633 1429 1666 l

1428 1777 1429 1804 l

1428 1861 1429 1884 l

1428 1885 1429 1918 l

1428 2111 1429 2126 i

1428 2133 1429 2156 l

1428 3163 1429 3180 l

1427 3193 1429 3220 l

1428 4315 1429 4348 l
