2858 4746
96 347 100 357 ¹
223 399 322 491 244
561 371 1063 466 DnOnrroar

344 512 423 618 pila
442 511 601 606 luderet,
629 530 667 590 et
687 513 791 592 idern
810 511 912 620 signa
938 511 1037 592 sacra
1055 511 1171 589 nodlu
1191 507 1300 588 frana

346 649 439 730 gere¹
465 641 675 728 putaretur,
703 622 961 732 gregalesque,
992 621 1117 702 ⁷cum
1137 620 1177 696 in
1197 647 1304 698 cam·

347 760 444 840 pum
475 761 552 815 non
587 732 759 826 venill'et,
802 733 1049 843 requirerent,
1081 729 1306 810 ''excusavit

351 839 477 949 Vespa
495 843 719 937 Terentius,
755 843 858 951 qudd
878 869 968 921 eum
989 851 1002 884 ⁹
1021 841 1206 921 brachium
1219 837 1307 948 sre-

344 952 431 1060 giffe
450 949 602 1034 diceret.
631 953 687 1034 Ut
703 954 801 1032 illud
814 951 1005 1046 Africani,
1019 953 1123 1062 quod
1138 951 1192 1029 est
1208 950 1309 1056 apud

350 1061 579 1144 Lucilium:

349 1171 489 1280 Qcid?
539 1174 687 1266 Decius,
734 1175 926 1254 ¹nuculam
963 1203 1011 1253 an
1048 1174 1218 1275 coryixum
1251 1169 1310 1249 vir

444 1281 607 1392 facere?
642 1285 766 1395 inquit.

406 1393 464 1474 Ut
483 1415 572 1474 tuus
592 1395 752 1490 amicu8‚
781 1392 922 1489 Craffe,
940 1393 1123 1486 Granius,
1142 1397 1233 1471 ²non
1252 1389 1311 1494 effi

330 1527 333 1538 ·
337 1505 528 1617 sextantis.
586 1505 652 1600 Et,
681 1505 910 1614 fiquaeritis‚
939 1503 988 1598 is,
1011 1504 1079 1613 qui
1100 1501 1311 1610 appellatur

353 1616 475 1710 dicax,
495 1615 569 1698 hoc
588 1644 726 1725 genere
741 1615 910 1695 maxime
929 1615 1107 1706 excellit;
1136 1613 1197 1692 sed
1217 1609 1310 1692 risus

352 1745 513 1806 movent
532 1726 606 1805 alia
626 1729 802 1834 majores.
853 1725 1101 1834 Ambiguum
1115 1749 1180 1832 per
1199 1721 1235 1802 se
1255 1721 1312 1828 ip-

352 1835 439 1914 sum
467 1837 647 1941 probatur
677 1837 716 1914 id
767 1835 916 1932 uidem,
947 1855 991 1915 ut
1016 1855 1104 1916 ante
1124 1832 1226 1927 dixi,
1250 1833 1313 1910 vel

352 1944 521 2024 maximi
538 1973 554 2047 εΙ
580 1866 767 2053 ingenioli
784 1945 891 2026 enim
909 1945 1073 2039 videtur,
1101 1943 1184 2024 vim
1204 1939 1311 2020 verbi

352 2053 394 2134 in
410 2053 530 2148 aliud,
548 2072 662 2163 atque
677 2056 802 2135 caeteri
821 2055 1022 2164 accipiant,
1037 2053 1138 2161 polle
1154 2055 1310 2132 ducere:

353 2163 416 2244 sed
442 2163 739 2245 admirationem
765 2167 906 2273 magis,
936 2166 1057 2276 quim
1080 2163 1199 2244 risum
1223 2167 1314 2244 'nio-

353 2291 430 2368 vet,
460 2274 528 2356 nifi
548 2275 575 2353 sr
594 2275 748 2386 quando
767 2275 903 2356 incidit
928 2277 968 2356 in
990 2275 1094 2361 aliud
1122 2275 1245 2384 genu's
1266 2272 1313 2351 ri·

195 2451 198 2458 .
284 2417 289 2426 ¹
357 2383 491 2465 diculi.
715 2466 720 2475 ,
886 2397 888 2402 ’

214 2507 323 2570 LXIII·
359 2575 363 2581 ,
411 2497 511 2596 Quae
526 2525 663 2605 genera
679 2526 897 2606 percurram
911 2495 1113 2608 equidem:
1133 2495 1195 2576 sed
1214 2492 1316 2575 scitis

355 2605 428 2686 ell'e
457 2606 697 2687 notiffimum
729 2608 882 2688 ridiculi
911 2635 1047 2717 genoe,
1090 2608 1182 2689 clam
1212 2604 1317 2684 aliud

326 2815 334 2828 ,
355 2713 748 2821 exspedlamunaliud
763 2717 923 2814 dicitur:
945 2717 1009 2798 hic
1024 2717 1215 2800 nobismet
1232 2714 1318 2821 ipfis

1096 2851 1108 2862 ··
1190 2825 1320 2908 noster

1038 2931 1050 2960 0

398 3031 413 3090 7
447 3013 502 3074 clm
520 3019 547 3071 in
569 3029 680 3096 campum
710 3039 757 3074 nan
776 3031 822 3073 vr·
852 3015 1093 3096 subintelligentem
1101 3035 1137 3074 ex
1147 3014 1321 3095 lequmtlbur

355 3107 432 3178 affl,
451 3103 624 3180 requirentia]
645 3105 751 3184 vulgo,
769 3125 822 3160 eum
853 3103 911 3180 post
922 3101 1060 3177 excrrsovr't.

356 3194 514 3269 irrumpam
535 3213 581 3248 non
600 3195 690 3268 veniffe
714 3196 822 3270 require·
893 3208 910 3266 9
939 3187 1195 3264 brachiumfregrffi]
1228 3185 1324 3246 Potuit

358 3291 421 3346 rear,
442 3277 517 3334 nullo
531 3293 580 3334 nec
598 3277 683 3349 sensu,
704 3295 754 3336 nec
767 3276 821 3334 La·
853 3276 906 3332 hoc
919 3289 946 3332 et
966 3274 1000 3332 de
1018 3271 1133 3332 brachio
1145 3272 1217 3332 Titii
1242 3271 1322 3332 intel·

358 3360 473 3420 tinitate.
512 3359 654 3420 Manutius
676 3377 704 3420 et
724 3361 820 3421 Ricco·
854 3358 913 3438 ligi,
933 3359 1004 3417 etde
1015 3357 1129 3418 brachio
1141 3357 1221 3437 Signi
1233 3358 1322 3435 cujus·

356 3446 445 3505 bonus
468 3447 629 3517 maluerunt,
648 3469 693 3504 cur
707 3451 734 3504 in
755 3469 822 3505 cam·
854 3444 916 3503 darn
929 3444 1005 3518 sacri,
1024 3442 1100 3522 quod
1112 3445 1261 3522 putabatur
1269 3443 1322 3502 Ti·

235 3595 239 3599 ,
351 3547 414 3613 pum
450 3553 496 3590 non
521 3534 622 3607 menssei
657 3549 708 3590 etc.
763 3531 824 3610 Ego
854 3530 906 3588 tius
921 3527 1042 3608 fregilser
1061 3545 1174 3607 utraque
1187 3529 1325 3588 decaull'a

357 3621 424 3678 verb
437 3617 466 3674 in
480 3632 555 3676 textu
568 3617 664 3694 sequor
679 3617 823 3676 lediionem
855 3637 912 3674 non
925 3613 1055 3674 credibile
1066 3613 1118 3673 fuit
1131 3631 1195 3672 eum
1209 3614 1240 3672 in
1250 3634 1324 3682 cam·

359 3701 479 3760 Ascensri
509 3716 537 3759 et
564 3699 708 3760 MStorum
741 3701 822 3762 Cant.
856 3721 922 3780 pum
935 3717 1079 3759 venturum
1093 3698 1324 3760 falcastrum

359 3785 453 3844 Mod.
466 3787 525 3844 Bal.
538 3803 566 3844 et
578 3783 660 3864 Wag.
856 3777 996 3844 bracliium
1010 3783 1136 3863 liegislet,
1145 3804 1203 3844 non
1215 3784 1323 3863 potuir;

400 3871 416 3928 8
436 3872 567 3948 excusavit
587 3874 666 3953 Vespa
690 3871 824 3945 Terentius,
857 3871 977 3950 srSigni,
998 3871 1121 3931 criminis
1134 3871 1184 3930 fibi
1200 3871 1324 3932 conscire

359 3953 426 4032 quid
434 3977 487 4012 eum
500 3955 629 4016 brachium
638 3960 704 4033 eto]
719 3959 773 4016 ver
786 3960 823 4017 le·
857 3957 958 4017 noluit:
979 3956 1063 4037 Joeur
1076 3958 1160 4036 igitur
1177 3975 1213 4016 ex
1235 3957 1322 4018 ambi-

361 4061 416 4120 gas,
436 4042 564 4116 excffovir
579 4065 633 4100 eum
646 4043 723 4123 Vejpa
738 4044 825 4102 Teren·
857 4063 912 4123 guo
924 4042 972 4102 illo
985 4041 1079 4102 draus
1088 4042 1134 4102 est.

360 4131 420 4197 tius,
447 4127 514 4208 quid
534 4126 663 4188 brachium
688 4146 747 4190 etc:
782 4133 824 4191 rel
899 4147 911 4188 1
933 4127 1047 4186 aurulam
1068 4151 1104 4191 aa
1124 4127 1263 4208 confirm]
1290 4128 1323 4188 ln

358 4255 370 4266 ..
441 4227 447 4242 t
719 4257 728 4278 Ε
799 4261 803 4268 .
1201 4231 1329 4294 margine
