2890 4752
233 381 337 506 ,308
407 401 428 476 Ι.

604 371 1073 472 Dis-Onniton

366 520 567 608 horribiles
579 520 806 630 miserosque
817 519 940 614 casus3
959 517 1156 629 exquibus
1168 513 1324 598 Geor

366 653 416 728 ta,
428 660 546 744 quem
560 631 626 712 ille
640 633 846 711 florentem
864 630 1080 740 reliquerat,
1099 627 1323 735 paucis‘die

367 747 436 824 bus
448 743 531 850 post
546 761 714 823 mortem
728 739 845 821 Craffi
860 739 1037 848 depulsus
1052 765 1118 846 per
1136 736 1325 818 invidiam

368 859 379 896 ³
394 852 605 946 tribunatu,
622 879 701 933 nou
721 849 856 932 multis
871 853 917 932 ab
932 879 978 932 eo
990 871 1165 960 tempore
1184 847 1324 928 menfi-

370 962 656 1074 busejettusest
671 961 692 1040 ὲ
706 962 879 1042 civitate:
902 959 1088 1069 Sulpitius
1100 957 1324 1069 autem,qui

330 1153 333 1158 .
369 1073 411 1155 in
430 1076 564 1154 eadem
584 1070 738 1152 invidiae
757 1073 916 1152 flamma
935 1070 1075 1164 fuiffet,
1092 1069 1326 1181 quibuscum

371 1177 541 1293 privatus
560 1179 861 1292 conjundtiffimd
881 1183 1035 1276 vixerat,
1055 1181 1126 1261 hos
1145 1181 1188 1260 in
1205 1182 1328 1261 tribu-

372 1315 465 1376 natu
477 1293 635 1404 spoliare
648 1291 812 1373 instituit
823 1293 933 1374 omni
945 1291 1149 1401 dignitate:
1165 1291 1230 1372 cui
1241 1289 1329 1402 quia

372 1407 475 1500 dern,
504 1405 549 1484 ad
569 1403 760 1485 summam
780 1403 946 1512 gloriam
964 1401 1194 1514 eloquentiae
1211 1399 1326 1483 flore-

372 1515 503 1609 scenti,
518 1516 618 1596 ferro
632 1533 758 1622 erepta
770 1513 848 1592 vita
862 1513 929 1607 est,
948 1521 1013 1592 4et
1032 1539 1149 1622 poena
1166 1511 1325 1593 temeri·

321 1629 325 1644 '
373 1627 462 1708 tatis
475 1653 553 1708 non
568 1625 643 1704 stne
656 1653 798 1733 magno
814 1623 1051 1731 Reipublicae
1065 1625 1170 1704 malo
1184 1621 1327 1703 consti-

338 1729 345 1744 ’
373 1757 470 1818 tuta.
499 1735 588 1844 Ego
598 1735 689 1818 verd
703 1756 753 1828 te,
772 1733 913 1828 Crasse,
925 1757 1016 1814 curn
1027 1733 1117 1812 vitae
1131 1733 1225 1814 flore
1240 1754 1328 1812 tum

373 1846 509 1956 mortis
519 1845 817 1952 opportunitate,
831 1844 964 1927 divino
975 1845 1131 1926 confilio
1145 1861 1185 1924 et
1194 1863 1329 1926 ortum

373 1978 413 2036 et
427 1956 658 2036 exstinttum
676 1953 749 2036 effe
768 1953 946 2037 arbitror:
977 1983 1069 2036 narn
1082 1954 1153 2034 tibi
1172 1973 1241 2036 aut
1260 1981 1330 2063 pro

372 2069 514 2147 virtute
542 2065 663 2146 animi
682 2065 969 2176 constantiaque
997 2085 1064 2146 tua
1082 2063 1208 2146 civilis
1237 2065 1327 2146 ferri

373 2176 568 2259 subeunda
586 2176 661 2258 fuit
679 2177 906 2274 crudelitas;
925 2193 1003 2273 aut,
1020 2175 1138 2288 siqua
1151 2195 1190 2256 te
1204 2175 1328 2257 furtu«

297 2384 300 2392 ,
366 2317 421 2369 na
440 2289 487 2369 ab
499 2289 696 2369 atrocitate
711 2289 846 2369 mortis
859 2284 1096 2383 vindicass'et,
1109 2286 1329 2368 eademetse

370 2420 410 2480 te
430 2400 612 2480 funerum
630 2399 761 2507 patriae
774 2399 1022 2508 spedatorem
1041 2396 1237 2508 coegifl'et:
1262 2423 1330 2478 ne·

298 2613 303 2620 .
374 2536 450 2636 que
469 2505 595 2592 solum
612 2511 683 2590 tibi
712 2509 980 2618 improborum
998 2509 1237 2603 dominatus,
1268 2509 1331 2588 sed

372 2641 508 2717 etlam,
529 2641 682 2728 propter
701 2619 904 2702 admistam
919 2619 1067 2701 civium
1081 2621 1241 2716 effidem,
1261 2619 1330 2702 bo·

251 2819 252 2822 Ν
371 2755 514 2812 norum
534 2732 693 2812 vitioria
712 2729 871 2813 moerori
890 2729 1028 2812 fuiffet.
1085 2801 1089 2810 .

290 2925 294 2934 ,
320 2905 328 2926 .
426 2840 533 2920 Mihi
548 2839 721 2951 quidem,
740 2842 889 2944 Quinte
907 2843 1035 2937 frater,
1052 2860 1092 2921 et
1110 2863 1248 2940 eorum
1266 2865 1332 2921 ca-

297 3017 301 3028 .
370 2949 447 3046 fito,
469 2952 517 3031 de
534 2947 675 3061 quibus
689 2973 777 3032 ante
796 2951 890 3046 dixi,
911 2971 950 3031 et
964 2979 1023 3046 ea,
1052 2981 1140 3062 quae
1159 2952 1331 3032 nosmet·

283 3115 284 3124 κ
369 3061 439 3169 ipsr
449 3061 500 3142 ob
512 3087 686 3142 amorem
700 3062 740 3144 in
751 3059 1051 3169 Rempublicam
1062 3060 1334 3142 incredibilem

369 3185 410 3254 et
420 3171 650 3282 fingularem
664 3171 896 3282 pertulimus
907 3176 950 3252 uc
962 3171 1144 3254 sensrmus
1156 3171 1333 3298 cogitan-

1280 3301 1330 3378 tr,

221 3513 229 3520 “
372 3501 425 3568 fuit
438 3506 467 3565 in
478 3503 709 3565 consulaturvide
721 3505 741 3567 i.
754 3528 780 3566 c·
789 3526 837 3586 39.
866 3501 1090 3583 pmcetsentrui,
1108 3502 1334 3574 conſtruffioer,

269 3611 274 3622 ”
370 3607 399 3652 et
411 3591 483 3657 Frori
497 3591 569 3650 Hist.
582 3589 623 3648 iii.
640 3611 686 3650 ιι.
865 3595 906 3648 cui
921 3589 1337 3683 poena‘remeriraetis-—ugdi-

399 3670 430 3754 ‘3
459 3675 613 3752 tribunatu]
646 3675 682 3736 sc.
709 3675 837 3755 petendo.
866 3693 932 3738 ruta.

372 3759 447 3823 vute
467 3781 530 3843 quae
551 3763 586 3822 de
601 3765 653 3821 huc
672 3781 702 3820 re
719 3761 837 3828 dixirnut
908 3779 925 3840 ς
943 3763 1074 3838 uirorum]
1095 3761 1125 3820 Si
1144 3761 1338 3825 attenuentur

372 3848 402 3907 in
416 3849 486 3910 Not.
497 3849 532 3908 ad
545 3849 564 3908 i.
581 3867 608 3925 7.
869 3845 953 3918 MSti,
973 3845 1089 3908 libenter
1106 3848 1224 3907 deierrm
1237 3867 1334 3910 rooem

413 3953 433 4008 4
451 3950 476 3991 et
488 3947 565 4012 pm
586 3935 745 4008 temeritatis]
773 3932 837 3992 Mn·
867 3937 992 4004 virorum,
1012 3931 1080 4012 quit
1102 3933 1269 4012 prtctfftut
1287 3933 1336 4000 ba·

374 4019 513 4078 nutiusex
534 4017 686 4097 conjedturu
698 4018 783 4080 edidit
802 4037 837 4078 te·
867 4023 969 4078 minum.

373 4108 505 4174 moeri:
544 4105 632 4176 muldr
667 4125 742 4178 utrm,
772 4105 836 4166 cdrn
1265 4151 1270 4158 .

1230 4195 1336 4274 ‘mque
