2890 4752
342 398 546 490 L1eun
587 395 652 490 II.
700 395 782 516 67.
1065 421 1158 522 255

73 535 400 650 corffulemsecisl'et,
430 539 513 619 bello
526 539 726 650 prastrtim
746 567 873 647 magno
892 553 927 620 et
940 563 1037 648 gra-

75 650 123 728 ui
135 681 145 740 ;
174 647 291 726 Nihil
305 651 359 757 est,
389 649 452 760 qul
480 649 571 730 mihi
594 652 742 758 gratias
768 679 872 759 agas,
896 649 1038 759 inquit,

60 759 234 868 stmalui
250 761 447 872 cooqoilari,
476 761 582 871 quam
607 763 753 842 venire.
812 760 868 840 Ut
887 761 1036 856 Melle,

74 869 285 950 Africanus
300 867 496 980 objicienti
515 872 682 952 lustrum
696 871 794 951 illud
815 869 961 964 infelix,
977 901 1037 951 na·
1071 887 1073 894 ’

74 981 115 1076 li,
136 981 277 1090 inquit,
307 983 460 1062 mirari:
490 981 520 1062 ir
548 983 650 1074 enim,
676 984 738 1092 qai
755 1001 789 1062 te
812 983 875 1062 'ex
895 984 1039 1070 cerariis

75 1093 216 1185 exemit,
250 1093 391 1200 lustrum
421 1093 576 1172 condidit
600 1111 634 1172 et
658 1110 802 1174 taurum
820 1094 1035 1174 immolauit.

76 1203 213 1282 Tanta
233 1201 392 1309 suspicio
407 1203 476 1298 est,
491 1225 535 1283 ut
556 1204 742 1312 religione
757 1205 954 1286 civitatem
969 1209 1038 1286 ob·

76 1309 267 1392 strinxifle
285 1313 459 1394 videatur
478 1315 715 1408 Mummius,
738 1317 842 1424 quod
861 1315 1041 1398 Asellum

76 1422 297 1532 ignominia
316 1425 460 1505 levarit.

133 1532 174 1614 U
177 1537 292 1613 rbana
308 1536 426 1614 etiam
442 1535 688 1616 dillrmulatio
703 1533 769 1630 est,
790 1531 881 1614 cum
893 1535 967 1614 alio
982 1533 1039 1612 di·
1073 1553 1197 1618 LXVII.

76 1661 236 1737 cuntur,
263 1673 304 1724 ac
325 1647 485 1738 sentiam
515 1675 593 1726 non
612 1645 682 1725 illo
701 1674 854 1754 genere,
886 1647 932 1724 de
961 1673 1039 1754 quo
1108 1644 1113 1666 ⁸

78 1755 1041 1856 antedixi,cl1mcontrariadiea5,utLamiaeCras-

79 1867 162 1958 sus;
185 1865 246 1944 sed
266 1868 356 1946 curn
377 1889 459 1948 toto
484 1895 622 1976 genere
640 1868 822 1948 orationis
839 1867 961 1947 severe
981 1869 1043 1946 lu-

78 1977 166 2070 das,
185 1977 276 2057 cl1m
292 1979 401 2058 aliter
421 1978 556 2058 sentias
584 2005 626 2058 oc
645 1980 824 2088 loquare3
852 1999 896 2059 ut
916 1977 1043 2058 noster

80 2085 255 2168 Scaevola
275 2087 541 2198 Septumuleio
560 2089 617 2167 illi
639 2089 867 2198 AnagninO,
890 2088 952 2168 cui
972 2117 1041 2196 pro

80 2197 129 2276 C.
146 2195 318 2278 Gracchi
339 2201 462 2307 capite
483 2219 562 2278 erat
583 2228 719 2278 aurum
739 2201 954 2307 repensum,
977 2229 1039 2280 ro·

78 2309 205 2416 ganti,
228 2309 316 2432 urse
334 2313 371 2392 in
386 2311 507 2419 Afiam
519 2309 729 2420 prafealam
748 2309 912 2390 duceret:
943 2307 1046 2415 Qid

79 2419 149 2506 ribi
164 2420 236 2513 vis,
257 2423 395 2531 rnquit,
407 2422 558 2532 offane?
579 2439 683 2498 tanta
697 2423 869 2500 maloram
888 2422 931 2528 est
949 2418 1040 2498 mul·

78 2530 194 2610 titudo
213 2529 362 2628 civium,
384 2552 423 2628 ot
441 2533 508 2611 tibi
523 2561 586 2638 ego
605 2531 668 2608 hoc
687 2535 898 2634 corfirmem,
904 2532 946 2638 st
958 2533 1041 2610 Ro-

78 2671 150 2720 mae
168 2645 349 2754 massaris,
376 2663 411 2723 te
427 2644 558 2755 paucis
576 2643 679 2721 annis
697 2641 750 2720 ad
774 2643 948 2722 maximas
967 2658 1039 2752 pe·-

863 2781 867 2790 '
921 2753 1044 2856 canios

78 2865 178 2924 eldem
200 2863 330 2947 loquendi
347 2863 474 2938 formulo,
494 2863 549 2944 qurl
577 2860 624 2942 qui
641 2863 757 2924 Senator
769 2865 840 2936 esset,
860 2863 961 2923 Senatu
982 2885 1042 2923 mo·

79 2951 218 3012 dicituro.
234 2971 283 3030 70.
301 2951 357 3011 clm
378 2953 468 3032 laefiffir
487 2951 550 3026 restis
579 2966 703 3020 veretur,
740 2951 788 3030 qui
814 2951 914 3029 Eques,
940 2970 1042 3030 equum

79 3035 147 3094 Silus
169 3037 294 3115 Pisonem.
343 3037 419 3097 Msti
446 3056 549 3110 omnen,
577 3036 716 3114 publicum
738 3036 886 3104 amitteret,
907 3037 1044 3114 quivero

79 3115 152 3200 quos
171 3123 238 3196 vidi,
261 3143 349 3184 meam
368 3124 549 3203 conjecturam
579 3121 711 3192 plebeius,
723 3123 797 3180 lieret
810 3123 925 3194 aerarlus,
940 3143 991 3182 nec
1003 3123 1044 3181 es-

79 3208 219 3286 videntur
233 3211 361 3270 nonnihil
381 3213 549 3280 warinnam,
577 3203 613 3266 set
626 3206 656 3264 ln
674 3208 748 3266 Albo
760 3207 889 3266 centuriae
907 3209 960 3271 suae
972 3225 1041 3268 tam·

78 3295 392 3374 quodiniiotestr‘scum
403 3297 550 3362 minusculo
577 3312 659 3370 quarn
682 3292 760 3364 civis,
784 3293 827 3350 sed
854 3295 1043 3354 tantummodo

80 3381 163 3440 litera
186 3383 316 3444 scribitur.
357 3385 446 3456 Adde,
476 3384 549 3464 quod
578 3401 627 3459 pro
639 3379 728 3458 capite
751 3381 798 3438 suo
817 3381 911 3440 tributi
930 3381 1043 3445 nomine

78 3467 112 3528 in
141 3467 237 3548 priore
260 3473 387 3549 exemplo
413 3471 461 3532 iste
481 3471 550 3529 Hel·
577 3487 628 3526 aera
641 3467 1043 3546 penderet5s1quisl’lebeiue

77 3553 143 3614 vius
158 3555 271 3616 Mancia
284 3555 354 3616 testis
378 3555 439 3628 fuit,
460 3573 489 3616 ut
508 3557 550 3616 dl·
579 3555 628 3612 hac
640 3552 950 3632 ignominialevabatur,
965 3552 1043 3614 illurn

78 3641 121 3702 cit
155 3641 262 3702 Plinius
294 3641 325 3702 in
353 3643 437 3704 ‚Nau
476 3643 549 3702 Hill·
576 3661 607 3696 ex
618 3644 721 3698 aer'ariis
732 3643 809 3696 eximi
820 3637 949 3698 'Romani
969 3635 1044 3696 dice«

78 3749 168 3790 xxxv.
183 3751 211 3807 4.
250 3731 327 3790 Duos
345 3729 429 3810 igitur
457 3729 487 3790 in
506 3749 551 3790 ea·
578 3728 651 3786 bant.
670 3724 812 3784 Srrebaeus.
838 3725 931 3794 Porro,
946 3739 1043 3782 notan·

79 3815 148 3876 dem
179 3816 267 3877 caull'a
294 3817 370 3876 telles
405 3816 552 3897 exagitavit
577 3813 641 3872 dum
655 3811 692 3870 est
707 3831 809 3872 morem
826 3811 903 3868 luisse
916 3808 1044 3869 Censori·

79 3899 183 3974 onor,
200 3919 229 3962 ut
242 3903 277 3962 ab
289 3901 383 3962 eorum
396 3904 552 3964 aue‘loritate
579 3901 627 3956 bus
638 3913 753 3967 nurum,
773 3917 852 3958 ovem
862 3913 889 3956 et
903 3897 974 3954 suern
989 3896 1042 3956 irn-

81 3991 246 4050 detmheret.
579 3989 687 4056 molare,
697 3989 761 4046 cum
777 3985 887 4045 lustrum
896 3983 1048 4044 conderent
1153 3983 1157 3990 '

125 4080 143 4136 8
164 4098 197 4137 ex
209 4080 314 4134 erariis
327 4075 430 4150 eremit]
450 4075 553 4136 Censo-
577 4091 605 4136 et
619 4072 737 4134 finirent.

81 4179 127 4228 m
138 4163 228 4226 malou
236 4161 310 4224 clvoe
321 4162 358 4225 fic
369 4163 512 4238 nouom,
524 4181 553 4222 ut

930 4261 948 4320 9
964 4227 1045 4300 arreni
