2890 4752
131 521 138 532 Ι
258 328 411 487 επ

626 361 718 456 Da
772 359 1099 455 Onaroau

376 531 463 615 quae
482 503 681 585 scientiam
695 505 898 612 complexa
918 529 1061 598 rerum,
1080 503 1183 586 lenia
1195 505 1343 586 meum

376 636 415 696 et
434 613 657 696 co'nsrliafic
676 617 802 696 verbis
821 615 1001 724 explicat,
1020 637 1065 696 ut
1083 643 1161 710 eos,
1180 615 1249 742 qui
1267 643 1342 696 au-

375 725 496 821 diant,
524 753 773 838 quocumque
797 725 1028 822 incubuerit,
1056 725 1166 835 poffit
1194 729 1342 834 rmpeh

376 839 478 929 lere;
507 865 592 948 qua
610 863 689 947 qno
718 840 841 947 major
857 838 913 918 est
933 837 1002 934 vis,
1031 837 1107 918 hoc
1135 837 1192 917 est
1211 839 1340 947 magis

375 948 565 1056 probitate
599 951 801 1058 jungenda
840 947 1067 1058 summaque
1105 949 1335 1056 prudentia:

374 1087 541 1168 quarum
551 1059 742 1139 virtutum
754 1059 1171 1166 expertibusfidicendi
1183 1059 1340 1166 copiam

376 1168 659 1266 tradiderimus,
692 1197 770 1250 non
799 1197 864 1251 eos
882 1171 1042 1280 quidem
1061 1189 1227 1253 oratores
1244 1168 1341 1250 effe-

374 1281 559 1377 cerimus,
581 1279 644 1362 sed
663 1279 879 1363 furentibus
897 1282 1074 1392 quaedam
1095 1309 1200 1362 arma
1217 1281 1339 1361 dede·

376 1419 514 1472 rimus.

325 1568 334 1586 .
433 1503 562 1598 Hanc,
578 1500 756 1613 inquam,
773 1501 966 1610 cogitandi
985 1502 1341 1614 pronuntiandique

375 1613 581 1709 rationem,
610 1615 770 1723 vimque
789 1615 941 1694 dicendi
960 1633 1105 1694 veteres
1127 1614 1257 1694 Graeci
1275 1614 1337 1696 sa-

373 1725 564 1834 pientiam
576 1723 957 1807 nominabantthinc
969 1724 1029 1804 illi
1040 1725 1231 1834 Lycurgi,
1242 1723 1338 1806 hinc
1432 1801 1433 1824 Ν

375 1833 532 1930 Pittaci,
555 1834 648 1914 hinc
664 1836 843 1928 Solones3
875 1855 989 1946 atque
1003 1836 1051 1915 ab
1066 1835 1139 1916 hac
1153 1835 1338 1916 similitu·
1432 1827 1433 1898 ἶ

376 1945 467 2026 dine
479 1945 716 2027 Coruncanii
728 1945 859 2038 nostri,
873 1945 1054 2039 Fabricii,
1065 1947 1339 2040 CotoneaSci-

337 2115 340 2126 .
373 2057 507 2164 piones
527 2057 700 2150 fuerunt,
735 2084 815 2136 non
843 2075 926 2135 tam
950 2055 1100 2139 forcalle
1124 2057 1242 2153 doni,
1272 2059 1340 2138 sed

234 2152 250 2240 .’
373 2167 523 2275 impetu
544 2167 685 2247 mentis
709 2166 825 2246 simili
858 2187 896 2247 et
914 2170 1127 2248 voluntate,
1183 2169 1337 2250 Eadem

373 2297 504 2358 autem
520 2275 586 2358 alii
600 2278 817 2385 prudentia,
843 2276 905 2358 sed
919 2279 1077 2361 confilio
1092 2281 1139 2361 ad
1150 2278 1239 2358 vitae
1250 2277 1333 2358 stu-

372 2389 436 2468 dia
449 2387 599 2498 dispari,
613 2388 786 2500 quietem
798 2407 912 2499 atque
927 2387 1053 2469 otium
1065 2390 1195 2484 secuti,
1206 2389 1337 2496 uth-
1433 2427 1434 2491 3

372 2499 566 2610 thagoras,
582 2499 1338 2610 Democritus‚Anaxagoras,’irregendis
1433 2497 1434 2504 Ν

374 2611 595 2693 civitatibus
626 2629 730 2692 totos
763 2613 799 2692 se
829 2612 877 2691 ad
909 2612 1177 2722 cognitionem
1206 2637 1337 2691 rerum

373 2721 672 2802 transtulerunt:
699 2749 784 2831 quae
802 2721 882 2802 vita
900 2742 1056 2831 propter
1074 2721 1336 2834 tranquillita-

373 2853 469 2924 tem,
481 2852 519 2911 et
532 2851 687 2938 propter
699 2833 812 2958 ipfius
824 2832 992 2914 scientiae
1007 2833 1244 2928 suavitatem,
1258 2861 1337 2944 qua

372 2942 475 3022 nihil
494 2943 549 3022 est
568 2942 795 3024 hominibus
806 2945 1031 3052 jucundius,
1050 2944 1194 3052 plures,
1215 2945 1336 3056 quam

372 3053 469 3133 utile
485 3053 559 3133 fuit
574 3055 686 3133 rebus
700 3053 881 3160 publicis,
894 3055 1107 3135 delectavit.
1128 3057 1276 3165 ltaque,
1290 3077 1336 3138 nt

373 3165 408 3243 ei
428 3163 553 3244 studio
572 3164 608 3245 se
627 3165 949 3246 excellentissimis
969 3165 1135 3276 ingeniis
1154 3165 1336 3247 homines

374 3275 612 3370 dediderunt,
624 3305 670 3356 ex
685 3305 728 3356 ea
743 3275 894 3360 summa
908 3277 1091 3358 facultate
1103 3277 1214 3358 vacui
1229 3306 1274 3358 ac
1285 3279 1334 3358 li·

282 3425 286 3432 ·
372 3385 452 3466 bcri
468 3387 652 3493 temporis
667 3388 794 3467 multo
809 3389 933 3494 plura,
949 3388 1069 3513 quam
1083 3387 1335 3483 crassante,

356 3496 574 3577 aoniffimi
608 3497 804 3592 homines,
839 3497 922 3580 otio
949 3498 1075 3579 nimio
1102 3517 1141 3577 et
1169 3499 1334 3608 ingeniis

373 3609 576 3689 uberrimis
589 3607 803 3704 affluentes,
822 3609 988 3690 curanda
1003 3609 1070 3690 fibi
1082 3607 1154 3688 elle
1169 3637 1212 3690 ac
1227 3637 1333 3721 quae-

369 3721 486 3802 rende
504 3741 542 3801 et
561 3719 825 3830 investiganda
840 3721 1050 3834 duxerunt.
1095 3717 1202 3800 Nam
1222 3741 1333 3846 vetus

1239 3861 1332 3942 qur-

369 4037 423 4080 ncr.
463 4037 490 4080 et
522 4021 639 4083 Mediol.
678 4039 709 4082 ut
728 4022 834 4082 lelus
862 4023 959 4100 Vulgo
997 4019 1115 4099 legitur,
1155 4024 1284 4078 uniam.

367 4125 446 4168 antea
484 4107 607 4183 deserat,
656 4113 724 4190 quod
771 4113 834 4170 diro.
913 4127 931 4204 3
960 4121 1082 4166 notarem
1106 4107 1240 4166 verbm
1268 4105 1335 4178 erc-l

1212 4189 1338 4269 Respicit
