2870 4728
232 507 237 516 .
347 417 747 518 LmunL&

82 585 232 652 tantam
244 571 331 680 jam
344 567 465 651 essent
480 568 704 652 facultatem
715 571 858 680 adepti,
872 589 918 654 ut
931 601 1013 656 non

83 681 299 792 aequalibus
324 679 401 762 suis
425 679 551 764 solbm
576 701 915 791 anteponerentur,
953 683 1016 765 sed

11 895 12 902 Ν
83 821 178 872 cum
192 791 403 902 majoribus
417 811 511 874 natu
524 795 850 901 compararentur.
875 793 1017 920 Neque

82 903 176 985 verd
194 903 296 984 mihi
319 901 552 1014 quidquam,
584 904 728 1016 inquit,
763 901 1019 1012 praestabilrus

83 1013 250 1110 videtur,
273 1014 393 1124 quam
417 1013 520 1122 posl'e
545 1013 710 1097 dicendo
734 1034 865 1096 tenere
885 1016 1019 1096 homi·

85 1153 185 1206 num
203 1144 343 1220 coetus,
358 1145 510 1204 mentes
528 1125 699 1222 allicere,
712 1128 932 1207 voluntates
944 1125 1020 1207 im·

84 1237 245 1343 pellere,
266 1251 284 1298 4
329 1263 381 1316 uo
399 1236 519 1332 velis;
545 1238 649 1318 unde
668 1257 800 1318 autem
819 1238 929 1332 velis,
948 1239 1018 1317 de·
1062 1331 1063 1339 q

86 1347 237 1430 ducere.
338 1373 393 1425 aec
411 1374 490 1427 una
520 1375 578 1427 res
608 1347 650 1428 in
668 1347 779 1429 omni
809 1347 932 1430 libero
950 1377 1019 1456 po·

85 1459 197 1564 pulo,
228 1457 474 1568 maximsque
494 1455 535 1536 in
564 1459 706 1566 pacatis
726 1459 1019 1570 tranquillisque

86 1567 312 1648 civitatibus
328 1567 520 1677 praecipu'd
535 1567 684 1677 semper
697 1567 842 1662 floruit,
855 1569 1020 1678 semper-

85 1707 163 1790 que
184 1677 384 1760 dominata
401 1679 467 1760 est.
525 1678 633 1780 Quid
650 1677 834 1767 enimest
852 1699 919 1760 aut
936 1699 1020 1760 tam

11 1795 12 1872 l
87 1789 329 1885 admirabile,
361 1791 481 1900 quam
504 1817 551 1870 ex
585 1787 738 1871 infinita
766 1789 1021 1872 multitudine

86 1901 302 1984 hominum
320 1899 479 1982 existere
493 1929 636 1998 unum,
656 1903 725 2010 qui
743 1901 799 1997 id,
815 1903 919 2012 quod
934 1929 1020 1980 orn·

86 2011 204 2094 nibus
229 2029 366 2092 natura
384 2011 429 2090 srt
447 2012 596 2108 datum,
623 2013 687 2092 vel
717 2012 817 2093 solus
835 2013 897 2093 vel
927 2039 1021 2092 rum

88 2121 225 2232 paucis
256 2123 380 2202 facere
412 2121 546 2228 poffit?
590 2141 655 2202 aut
686 2139 769 2202 tam
799 2113 1021 2232 jucundum

88 2233 254 2344 cognitu
270 2253 385 2343 atque
399 2230 547 2327 auditu,
561 2233 679 2342 qudm
693 2233 926 2342 sapientibus
938 2233 1021 2314 sen-

89 2343 225 2426 tentiis
254 2339 507 2454 gravibusque
525 2342 652 2424 verbis
677 2363 812 2425 ornata
838 2345 962 2425 oratio
980 2363 1020 2424 et

12 2463 14 2466 ’
91 2453 237 2565 polita?
258 2474 324 2535 aut
337 2474 420 2534 tam
435 2471 569 2562 potens
580 2474 738 2563 tamque
753 2453 1020 2562 magnificum,

117 2569 213 2650 urim
243 2563 379 2674 populi
409 2585 556 2662 motus,
588 2564 768 2676 judicum
798 2564 1019 2676 religiones,

90 2599 246 2760 senatus
260 2675 625 2786 gravitatem,unius
636 2675 809 2756 oratione
824 2677 1021 2759 converti?

94 2797 104 2832 ⁵
120 2787 231 2890 Quid
250 2787 364 2895 porrd
377 2807 458 2866 tam
478 2786 645 2896 regium,
662 2807 744 2868 tarn
760 2787 928 2876 liberale,
940 2809 1022 2868 tam

94 2897 346 2990 munificum,
377 2897 495 3008 quam
518 2925 631 3006 opem
653 2901 749 2984 ferre
769 2898 1020 3009 supplicibus,

94 3011 261 3093 excitare
281 3009 459 3103 afflictos,
473 3009 561 3088 dare
579 3009 756 3105 salutem,
777 3011 936 3092 liberare
955 3036 1021 3116 pe-

14 3175 15 3204 r
95 3121 243 3216 riculis,
263 3120 423 3200 retinere
443 3119 623 3200 homines
643 3121 684 3201 in
698 3120 879 3202 civitate?
914 3119 1023 3221 Quid

94 3251 229 3314 autem
248 3251 329 3311 tam
348 3229 612 3328 necessarium,
641 3231 759 3342 quam
779 3253 907 3350 tenere
926 3231 1023 3315 sem·

956 3371 1023 3451 per

97 3568 213 3638 secutus,
237 3580 269 3623 ut
289 3563 397 3644 opinor,
421 3563 544 3624 Manuti-
578 3563 760 3646 GStephani.
779 3565 1025 3626 SicetiamNosler

99 3673 162 3714 uma
185 3653 294 3732 Vulgo,
310 3653 374 3709 velit
391 3669 503 3732 utroque
517 3651 546 3710 iu
579 3653 608 3712 in
621 3655 703 3714 Tusc.
713 3655 772 3712 Dis.
782 3655 801 3712 l.
818 3675 862 3713 20.
883 3653 1023 3734 quaeprrrl

98 3745 168 3802 loco·
434 3769 439 3778 ·
578 3757 630 3800 tarn
655 3743 768 3816 immerfia
793 3741 958 3818 magnitudo?
996 3753 1025 3796 et

1076 429 1142 556 ¹3

140 3826 256 3906 5Qr'd
264 3825 342 3904 porri
363 3816 421 3883 ram¹
436 3826 545 3903 regium]
578 3827 691 3906 Qinel.
714 3827 733 3885 i.
750 3849 774 3886 2.
803 3828 868 3905 quid
877 3825 953 3905 porrd
971 3841 1024 3882 ram
1095 3881 1099 3896 ,

99 3912 159 3973 ffie
189 3911 227 3972 est
253 3911 320 3970 ordo
344 3911 488 3970 verborum
518 3911 547 3968 in
578 3913 809 3974 contrariumercd
830 3913 934 3994 Vulgo,
951 3912 1027 3988 Qrd

101 3997 190 4058 MStla
199 3999 281 4057 Cant.
289 3995 545 4078 Wag.Bod·etBal.
578 4021 630 4062 tam
637 4003 713 4084 porri
726 4006 820 4080 regium
833 4015 884 4062 etc.

101 4086 222 4170 itemque
239 4085 270 4147 in
283 4085 356 4148 Edit.
370 4083 501 4146 Lunbini
519 4101 547 4145 et

931 4172 1027 4253 opra-
1111 4161 1117 4170 '
