2890 4752
266 407 362 537 298

620 403 1086 506 Dn'Ounroru

384 551 473 647 hoc,
490 567 531 633 et
548 553 617 660 pro
631 581 721 634 meo
735 553 849 632 fratre
869 552 1105 666 respondeo),
1131 575 1210 632 non
1224 540 1346 636 modd

383 663 456 746 tibi
473 661 718 772 ignoscimus,
731 661 793 743 sed
805 683 843 742 te
857 661 1069 771 diligimus,
1081 689 1345 775 magnamque

382 775 457 854 tibi
474 773 662 854 habemus
681 773 868 884 gratiam3
896 793 935 851 et
950 801 1042 853 cum
1057 771 1343 856 humanitatem

383 905 423 964 et
440 883 666 966 facilitatem
678 883 921 994 agnoscimus
935 903 1056 977 tuam,
1071 903 1160 964 tum
1175 886 1342 965 admira·

383 1021 474 1076 mur
492 993 604 1075 istam
632 995 831 1075 scientiam
858 1013 897 1074 et
924 995 1088 1101 copiam.
1144 995 1343 1105 Equidem

383 1105 501 1186 etiam
521 1106 593 1186 hoc
613 1133 676 1185 me
695 1106 906 1186 assecutum
926 1123 1035 1212 puto,
1064 1105 1168 1215 qudd
1196 1133 1343 1215 magno

384 1215 470 1299 sum
485 1216 632 1296 levatus
644 1243 784 1310 errore,
798 1237 837 1295 et
856 1216 923 1294 illa
937 1216 1189 1296 admiratione
1202 1214 1343 1296 libera·

382 1343 463 1422 tus,
493 1325 598 1437 qudd
626 1327 761 1407 multis
780 1353 874 1406 cum
893 1325 977 1406 aliis
996 1324 1143 1435 semper
1160 1325 1342 1406 admirari

383 1435 569 1533 solebam,
597 1439 700 1519 unde
719 1437 809 1518 esset
837 1436 904 1517 illa
922 1455 1028 1517 tanta
1046 1456 1112 1518 tua
1139 1435 1181 1516 in
1208 1437 1343 1519 caullis

382 1545 584 1630 divinitas:
603 1576 674 1630 nec
688 1549 795 1629 enim
809 1565 847 1627 te
862 1546 931 1628 ista
946 1543 1107 1656 attigisse
1122 1546 1343 1643 arbitrabar,

381 1685 470 1772 qua·
488 1657 771 1771 diligentiffimd
790 1657 967 1768 cognosse
982 1675 1021 1738 et
1034 1655 1203 1782 undique
1222 1659 1342 1740 colle·

381 1767 491 1878 giffe,
505 1769 650 1880 usuque
665 1770 825 1851 doctum
844 1769 986 1877 partim
1004 1765 1200 1850 correxisse
1214 1768 1341 1864 video,
1428 1797 1429 1808 ¹

382 1877 526 1992 partim
543 1879 812 1990 comprobasse.
870 1878 1011 1991 Neque
1039 1907 1086 1959 eo
1107 1878 1237 1958 m‘inlrs
1255 1881 1340 1960 elo·

410 1989 584 2071 ueritiam
599 2010 727 2084 tuam,
748 2009 787 2070 et
806 1989 934 2070 multo
953 1991 1077 2098 magis
1097 1990 1283 2069 virtutem
1299 2005 1342 2070 et

381 2019 627 2208 diligentiam
645 2100 834 2182 admiror:
863 2118 901 2180 et
920 2100 1033 2181 simul
1061 2101 1209 2209 gaudeo
1231 2101 1341 2210 judi·

381 2317 512 2416 statui,
522 2321 720 2402 neminem
735 2319 923 2430 sapientia
939 2321 1143 2401 laudemet
1155 2322 1341 2430 eloquen-

383 2235 491 2294 crum
519 2208 642 2291 animi
669 2209 748 2291 mei
777 2209 1032 2318 comprobari,
1062 2209 1167 2320 qudd
1194 2210 1343 2318 semper

381 2430 450 2512 tiae
478 2432 554 2512 fine
574 2431 728 2514 summo
756 2431 882 2513 studio
900 2453 938 2512 et
964 2433 1092 2512 labore
1110 2451 1149 2511 et
1168 2431 1343 2512 doctriua
1427 2481 1428 2492 κ

381 2653 487 2763 quod
501 2653 579 2735 dixi
617 2653 641 2749 i,
656 2653 796 2734 forent
811 2653 883 2732 tibi
898 2652 1232 2763 ignosceremus,s1
1246 2679 1343 2762 cog·

382 2763 589 2856 nollemus,
608 2789 693 2872 quae
711 2783 749 2844 te
768 2763 892 2846 caull'a
910 2763 952 2843 iu
971 2763 1187 2844 sermonem
1205 2762 1339 2871 impu·
1426 2787 1427 2798 ¹

380 2869 504 2954 iisset?
524 2875 621 2974 Quae
632 2872 687 2954 est
699 2874 807 2955 enim
823 2873 1247 2983 aliacaulsa,nis1qudd
1264 2903 1340 2954 no-

377 2983 439 3065 bis
473 3003 512 3066 et
541 2985 682 3065 horum
711 2984 1009 3076 adolescentium
1030 2983 1170 3077 studio,
1205 2983 1340 3092 quite

382 2539 564 2654 consequi
583 2542 703 2733 posse.
760 2543 833 2623 Sed
852 2563 982 2624 tamen
1000 2543 1188 2654 quidnam
1205 2539 1339 2636 estid,

382 3094 626 3194 attentissime
637 3093 850 3191 audierunt,
859 3122 1007 3176 morem
1022 3094 1339 3205 gererevoluisti?
1425 3111 1426 3116 '

309 3243 313 3267 ·
379 3203 493 3286 Tum
511 3204 591 3300 ille,
621 3205 987 3317 Adimere‚·inquit,
1011 3233 1174 3288 omnem
1193 3207 1339 3287 recusa·

381 3316 530 3396 tionem
542 3315 672 3396 Crall'o
685 3317 807 3412 volui,
820 3347 940 3427 quem
950 3345 1023 3426 ego
1038 3317 1154 3424 paulo
1172 3315 1338 3398 sciebam
1424 3325 1425 3330 ‘

381 3428 444 3508 vel
462 3426 680 3536 pudentius,
700 3429 763 3508 vel
782 3427 940 3510 invitilrs
967 3429 1078 3536 (nolo
1092 3427 1199 3508 enim
1208 3427 1338 3532 dicere

382 3539 428 3620 de
443 3555 524 3619 tam
542 3531 646 3620 suavi
666 3535 841 3636 homine,
857 3539 1100 3654 fastidiosius)
1118 3538 1165 3619 ad
1183 3537 1260 3618 hoc
1273 3565 1338 3648 ge·

377 3801 538 3880 postris-etc]
554 3800 675 3861 Persona·
685 3801 715 3862 in
725 3805 848 3863 hocloco
907 3805 997 3862 Cretea
1003 3803 1226 3882 personnadlidat
1241 3809 1338 3886 ptum

383 3885 535 3964 significant
553 3886 694 3969 imagines,
714 3889 796 3952 facies
815 3891 847 3949 li-
964 3890 1076 3948 arabice.

383 3971 455 4031 &aaz
476 3973 512 4032 fic
524 3973 633 4034 Lucret.
647 3973 683 4034 iv.
698 3995 743 4054 29·
898 3997 914 4036 2
925 3977 1085 4058 quadriennio
1092 3978 1186 4053 reim]
1197 3977 1299 4040 Noster
1307 3977 1337 4038 ln

419 4063 572 4138 *ᾖ
589 4068 645 4144 quis
657 4061 742 4145 priris,
768 4067 847 4124 arida
869 4061 954 4124 Bruto
961 4083 1010 4141 c04
1013 4083 1038 4140 3.
1051 4061 1118 4124 dicit
1124 4063 1247 4124 lel'um
1260 4071 1337 4124 nien·

458 4145 576 4228 qudmfit
869 4156 910 4211 nlo
923 4153 971 4233 ipſs
982 4153 1100 4212 otiamur
1112 4149 1192 4214 fulffe
1201 4152 1336 4214 Antonin

1264 3678 1337 3732 uus
1423 3653 1424 3696 ³

1257 4240 1422 4316 41¹⁸}

1412 4375 1422 4704 l
