2870 4728
384 377 787 502 Lrnanl.p
848 381 910 506 Ἰ
1115 409 1175 513 17

114 518 397 630 plurimorum,
429 545 467 606 et
486 525 672 610 universae
690 527 932 637 Reipublicae
950 529 1050 612 salua
1212 536 1215 542 ‘

113 655 197 714 tem
223 636 394 717 maxime
417 637 619 718 contineri.
677 640 945 739 Quamobrem
963 668 1049 749 per·

113 745 209 936 pite,
237 765 283 826 ut
316 747 458 844 facitis,
490 749 762 846 adolescentes,
794 771 907 862 atque
937 753 979 833 in
1009 751 1051 834 id

148 857 306 953 udium‚
337 859 380 943 in
408 885 489 969 quo
521 859 627 956 estis,
670 859 902 960 incumbite,
934 883 977 944 ut
1009 882 1049 944 et

113 968 225 1048 vobis
260 967 416 1066 honori,
446 989 486 1050 et
518 970 653 1052 amicis
685 973 863 1069 utilitati,
894 993 933 1054 et
958 971 1049 1056 Rei·

112 1079 284 1185 publicae
303 1081 574 1164 emolumento
593 1081 667 1162 esl'e
685 1083 839 1190 poffitis.

169 1191 283 1270 Tum
303 1192 478 1274 scaevola
504 1191 680 1288 comiter,
708 1213 754 1274 ut
772 1193 927 1292 solebat,
957 1195 1046 1293 Cae·
1080 1184 1156 1276 ῙΧ,

13 1323 14 1330 ’
111 1321 209 1396 tera,
231 1302 374 1412 inquit,
395 1301 572 1386 assentior
591 1302 739 1401 Crasso,
772 1334 821 1385 ne
841 1327 907 1386 aut
927 1305 973 1386 de
992 1305 1060 1394 C.·

109 1411 249 1507 Laelii,
280 1413 397 1494 soceri
417 1414 513 1510 mei,
549 1418 648 1494 'aut
667 1417 715 1496 de
749 1417 865 1526 hujus
893 1418 1043 1526 generi,

110 1544 180 1603 aut
200 1537 280 1603 'arte
299 1545 365 1604 aut
382 1524 507 1634 gloria
524 1524 749 1606 detraham:
781 1527 843 1606 sed
862 1529 929 1608 illa
949 1530 1043 1626 duo,
1172 1535 1177 1549 '

13 1675 14 1718 ;
110 1631 260 1731 Crasse,
291 1661 436 1731 vereor,
465 1657 510 1718 ut
542 1635 614 1716 tibi
644 1621 782 1744 possim
811 1638 1046 1734 concedere;
1147 1645 1150 1648 ’
1219 1661 1224 1668 ·

13 1727 15 1790 ³
112 1743 272 1840 Unum,
301 1747 407 1856 qudd
439 1749 486 1828 ab
514 1749 729 1828 oratoribus
764 1747 937 1829 civitates
971 1751 1049 1830 ⁸et

108 1854 229 1938 initio
248 1857 492 1954 constitutas,
522 1879 561 1939 et
590 1858 687 1967 saepe
706 1857 944 1940 conservatas
973 1859 1047 1942 esse

108 1965 268 2064 dixisti3
296 1969 497 2066 Alterum,
517 1969 638 2081 qudd,
660 1992 810 2052 remoto
829 1971 929 2067 soro,
952 1999 1045 2052 con·
1117 1972 1120 1978 ’

13 2119 14 2126 ¹
108 2079 242 2176 tione,
270 2080 446 2192 judiciis,
477 2080 625 2179 senatu,
656 2079 820 2162 statuisti
852 2102 1047 2189 oratorem
1078 2171 1080 2178 ‚

107 2189 277 2272 inomni
293 2219 434 2300 genere
453 2189 640 2274 sermonis
654 2212 693 2272 et
705 2191 961 2298 humanitatis
973 2191 1049 2274 effe

108 2302 342 2410 perfeetum.
375 2303 474 2404 Quis
494 2303 601 2384 enirn
622 2301 693 2385 tibi
714 2301 789 2386 hoc
810 2297 1046 2399 concesserit,

108 2431 179 2495 aut
198 2408 313 2494 initio
339 2441 465 2524 genus
485 2414 696 2496 hominum
720 2414 762 2494 in
782 2413 982 2493 montibus
1002 2442 1045 2494 ac

14 2619 15 2626 Ν
108 2522 214 2606 silvis
234 2524 468 2633 dissipatum,
500 2553 580 2606 non
609 2524 861 2633 prudentium
880 2523 1046 2604 confinis
1160 2593 1166 2608 ,

107 2635 360 2745 compulsum
392 2635 537 2742 potibs,
567 2635 686 2746 quarn
707 2633 936 2714 disertorum
955 2661 1044 2716 ora·

107 2748 216 2830 tione
254 2745 480 2841 delinitum,
520 2745 556 2826 se
588 2747 740 2853 oppidis
774 2745 1046 2856 moenibusque

108 2857 278 2966 sepfille?
308 2879 374 2938 aut
399 2857 490 2940 verd
523 2856 689 2966 reliquas
708 2855 912 2950 utilitateS,
943 2872 957 2920 ⁹
979 2876 1045 2936 aut

107 2968 152 3049 in
180 2969 444 3063 instituendis,
476 2988 542 3048 aut
580 2965 844 3050 conservandis
879 2966 1045 3047 civitati·

107 3081 198 3178 bus,
241 3107 322 3160 non
354 3081 376 3162 ἓι
406 3078 637 3187 sapientibus
669 3099 707 3158 et
741 3077 905 3158 sortibus
937 3077 1044 3174 viris,

853 3281 857 3294 Ι
981 3187 1045 3270 sed

14 3345 15 3350 ’
106 3331 217 3402 Latine
243 3331 362 3410 Lingua
393 3328 463 3390 ratio
485 3329 558 3390 idern
589 3329 656 3389 risle
669 3347 703 3388 ex
716 3344 891 3406 cotempore,
904 3345 961 3406 quo
976 3322 1041 3388 fun·

105 3421 215 3492 suadem
237 3420 311 3480 aliud
329 3418 405 3479 enim
419 3421 495 3480 sonat
507 3424 557 3476 ini·
589 3413 706 3487 daretur,
714 3411 921 3492 adsuumusque
928 3427 1043 3490 ternpus.

106 3513 143 3566 rio
161 3505 316 3583 infirmas,
337 3505 411 3566 aliud
431 3506 465 3566 ab
484 3499 556 3564 initio
591 3499 802 3560 Nostrae'etiam
822 3497 916 3558 favent
930 3495 1042 3558 ludioni

105 3596 269 3674 copstiruras:
302 3613 327 3652 e.
342 3615 368 3672 g.
399 3593 457 3668 Qri
481 3589 556 3660 dicit,
590 3606 632 3657 ea,
645 3607 707 3666 quae
720 3587 876 3664 sequuntur,
897 3583 965 3657 Qis
977 3585 1042 3640 enim

109 3677 177 3744 Urbs
198 3677 286 3740 Roma
308 3685 381 3739 initio
401 3681 466 3738 Diis
488 3699 557 3736 curae
591 3674 696 3732 ribidoc
708 3677 841 3752 ooncgfferit
853 3687 899 3730 aut
911 3671 985 3726 initio
994 3687 1041 3746 ge·

97 3769 167 3845 fiir,
185 3767 259 3828 nibil
278 3765 353 3826 aliud
375 3765 450 3837 dicit,
471 3763 555 3846 quiin
591 3756 771 3818 nushomr'num
782 3761 809 3815 ir
822 3751 943 3813 montibus
954 3753 1041 3830 ΜΝ·

108 3853 226 3916 nomam
234 3853 298 3915 Diis
312 3874 384 3914 curae
394 3851 481 3924 fuisse,
492 3873 555 3910 curn
589 3847 633 3903 vis
645 3845 782 3924 dfiparum
794 3839 862 3901 em?

107 3940 285 4002 fuudmerurr
315 3939 363 4019 qui
387 3943 451 4000 verb
480 3935 556 4010 dicit,
631 3955 707 4018 part
720 3929 942 4010 iniistiruemdsfl
966 3927 1041 3994 Istud

111 4027 177 4092 Urbs
186 4027 271 4086 Rom
284 4023 317 4086 ab
330 4032 403 4084 initio
411 4027 476 4086 Diis
487 4048 558 4086 curae
590 4030 617 4084 ἐκ
630 4027 715 4084 haeret
727 4025 822 4085 decem
835 4019 934 4094 MStis,
952 4035 980 4079 et
991 4035 1040 4082 ne·

94 4119 166 4194 ffb,
186 4116 321 4200 lignium
332 4113 406 4178 Deos
427 4134 488 4176 eun
509 4133 556 4176 cu·
592 4111 732 4260 colgrino
744 4107 860 4170 ridetur.
1080 4151 1084 4156 .

581 4259 586 4266 .
931 4205 1044 4276 tatun
