2870 4728
278 363 375 451 42¹
611 331 1227 460 DaOan'ron'affi

402 472 537 582 populi
568 471 608 554 in
627 500 788 554 omnem
817 492 965 578 partem
984 471 1148 551 dicendo
1174 482 1337 578 permo-

402 585 549 680 vendiS,
569 613 649 666 non
665 583 774 664 fuiffe
794 583 987 692 ignarum,
1006 583 1146 691 quibus
1159 611 1203 664 ea
1217 585 1336 664 rebus
1416 627 1417 690 j

402 693 706 804 consequeretur,
735 723 823 805 quae
846 715 1001 802 negaret
1021 695 1087 774 ille
1107 693 1182 774 fine
1201 693 1336 802 philo·
1416 749 1417 760 2

227 878 230 885 .
401 804 532 913 sophia
551 805 901 917 quemquam-scire
920 803 1033 910 pofl'e.
1105 803 1108 812 ’
1416 895 1417 898 ¹

270 933 366 1016 XX,
456 925 469 958 ⁹
494 917 601 998 Huic
632 918 699 996 ille
731 916 989 1024 respondebat,
1019 945 1098 996 non
1127 912 1163 994 se
1190 943 1338 1024 negare
1416 973 1417 984 a

400 1027 711 1108 Demosthenem
737 1028 932 1107 summam
962 1026 1206 1133 prudentiam
1225 1025 1336 1106 surn-
1416 1039 1417 1068 *

398 1138 696 1248 mamquevim
730 1136 901 1242 habuiffe
930 1136 1103 1217 dicendi:
1146 1136 1208 1218 sed
1235 1136 1335 1245 (five

398 1249 465 1331 ille
499 1249 575 1330 hoc
605 1250 763 1357 ingenio
796 1247 993 1356 potuisset,
1030 1248 1119 1340 five,
1151 1248 1191 1327 id
1220 1249 1334 1357 quod
1416 1257 1417 1350 i

399 1359 599 1454 constaret,
631 1359 802 1442 Platonis
824 1359 1008 1438 studiosus
1029 1359 1207 1452 audiendi
1234 1359 1334 1438 fuis-
1416 1375 1417 1432 1

397 1469 485 1584 set),
516 1502 593 1553 non
614 1473 710 1592 quid
743 1473 809 1550 ille
842 1468 1032 1579 potuiss'et,
1061 1469 1124 1548 sed
1141 1469 1234 1578 quid
1265 1468 1332 1548 isti

398 1583 590 1694 docerent,
619 1581 690 1664 effe
710 1583 973 1691 quaerendum.
1023 1580 1130 1688 Saepe
1145 1581 1264 1660 etiam
1285 1581 1330 1660 in
1416 1625 1417 1672 ᾗ

373 1736 377 1742 ·
397 1722 482 1776 eam
503 1715 652 1801 partem
672 1695 862 1772 ferebatur
879 1691 1064 1785 oratione,
1096 1699 1174 1770 ''ut
1194 1690 1330 1772 omni-

257 1826 259 1842 '
312 1885 316 1895 ,
398 1806 524 1884 modis
544 1803 765 1909 disputaret,
796 1803 947 1882 nullam
967 1821 1089 1881 artem
1107 1801 1178 1882 efle
1194 1802 1330 1882 dicen-

397 1915 462 1994 di:
492 1913 607 2024 idque
626 1914 719 1996 cum
742 1911 979 2022 argumentis
999 1914 1194 2007 docuerat,
1221 1911 1331 2022 quod
1416 1923 1417 2004 i

397 2022 451 2107 ita
469 2023 549 2106 nati
568 2021 743 2119 ess'emus,
772 2045 816 2104 ut
835 2043 873 2103 et
893 2024 1056 2104 blandiri
1076 2028 1127 2103 et'
1144 2023 1330 2132 supplici·
1416 2081 1417 2112 2

396 2154 456 2215 ter
484 2135 670 2216 insinuate
689 2134 753 2232 iis,
786 2135 967 2245 aquibus
985 2134 1075 2216 ess'et
1094 2133 1326 2242 petendum,

396 2267 435 2328 et
464 2243 690 2328 adversarios
709 2247 923 2328 minaciter
937 2265 1075 2328 terrere
1103 2244 1326 2354 postiemum

396 2377 435 2441 et
455 2385 538 2438 rem
556 2357 705 2467 gestam
733 2383 948 2465 exponere3
978 2378 1017 2436 et
1047 2357 1101 2451 id,
1132 2359 1241 2466 quod
1262 2357 1327 2438 in·-
1377 2394 1379 2396 ·

395 2471 653 2565 tenderemus,
669 2469 919 2562 confirmare3
938 2491 976 2548 et
995 2467 1048 2563 id,
1066 2469 1170 2578 quod
1190 2489 1328 2549 contra
1416 2507 1417 2568 a

395 2581 596 2674 diceretur,
611 2582 806 2673 refellete;
834 2579 933 2658 etad
952 2597 1172 2658 extremum
1191 2580 1330 2687 depre-

396 2690 474 2770 cari
504 2691 650 2800 aliquid
682 2711 721 2770 et
751 2689 956 2800 conqueri3
984 2691 1125 2800 quibus
1150 2691 1188 2771 in
1209 2691 1327 2769 rebus

396 2798 526 2880 omnis
563 2822 763 2882 oratorum
798 2799 1008 2882 versaretur·
1035 2802 1239 2882 facultas:
1283 2821 1326 2880 et
1416 2827 1417 2884 1

395 2910 500 3020 qudd
530 2912 764 2992 consuetudo
782 2911 1081 3022 exercitatioque
1104 2933 1142 2991 et
1175 2912 1327 2990 intelli·
1416 2907 1417 2946 ³

343 3037 345 3046 '
394 3019 510 3130 gondi
555 3023 800 3130 prudentiam
833 3043 998 3116 acueret,
1044 3042 1081 3102 et
1114 3023 1325 3132 eloquendi
1416 3033 1417 3106 3

393 3132 630 3213 celeritatem
650 3133 849 3216 incitaret:
879 3151 967 3212 tum
986 3133 1104 3214 etiam
1119 3135 1323 3241 exemplo·
1416 3151 1417 3154 ’

1231 3273 1323 3323 rum
1416 3283 1417 3298 2

393 3425 482 3470 torum
491 3411 632 3480 accusatio,
642 3412 704 3470 curn
716 3403 840 3471 dicantur
873 3409 949 3488 Lege
972 3409 1056 3488 igitur
1078 3414 1120 3470 vel
1142 3432 1204 3476 cum
1219 3400 1323 3468 'mstis
1416 3433 1417 3470 r

266 3565 269 3575 ¹
394 3521 452 3558 non
484 3499 569 3557 solum
598 3519 654 3555 non
691 3497 840 3577 intelligere
872 3500 946 3556 Nov.
969 3517 995 3557 et
1018 3499 1111 3559 Mead.
1134 3517 1160 3558 et
1179 3499 1321 3569 Munatio,
1416 3539 1417 3578 ,

393 3603 534 3664 praecepta,
555 3584 598 3642 scd
622 3603 657 3641 ne
680 3585 760 3642 ullarn
775 3605 839 3662 ope·
872 3587 925 3643 Hic
940 3586 1103 3666 respondebat,
1121 3591 1164 3646 vel
1184 3608 1247 3655 cum
1260 3589 1320 3645 edi-

393 3691 451 3730 tam
473 3671 571 3730 dedisse
592 3669 630 3727 illi
644 3669 716 3740 Arti,
741 3670 769 3728 in
785 3690 840 3748 qua
872 3675 1106 3739 tionibusVen.et
1117 3676 1233 3735 Mediol.
1246 3675 1321 3735 Huic

393 3775 525 3839 praccepta
538 3759 584 3817 illa
597 3758 807 3817 continerentur.
871 3765 915 3822 ille
934 3764 1101 3843 rrsfionrkbat:
1135 3765 1153 3822 i.
1175 3785 1199 3824 e.
1230 3765 1320 3842 Char-

344 3877 357 3896 .
433 3846 560 3924 unlgd
574 3845 645 3902 Huic
664 3845 838 3924 respiramen]
873 3849 961 3907 madas
976 3851 1151 3909 Menedemo.
1416 3877 1417 3920 1

352 3983 357 3992 .
393 3932 464 4008 Qis
492 3933 666 4012 rryp'ondcbar?
691 3955 747 3991 non
776 3935 840 3992 Me-
915 3939 1316 4018 rurornnimoisdspuraren]
1416 3925 1417 4020 J

395 4022 539 4079 nodemus:
566 4039 592 4080 at
615 4021 662 4080 isse
686 4023 754 4080 solus
777 4025 838 4080 No·
871 4027 966 4104 Vulgo
980 4027 1095 4106 legimus
1113 4044 1141 4086 ar
1162 4033 1257 4086 ommno
1268 4031 1318 4108 adr·
1416 4051 1417 4082 r

394 4110 538 4170 minacitas
565 4113 640 4171 casus
668 4113 839 4192 praceflerat.
863 4126 983 4194 putarat,
1012 4117 1057 4176 sed
1071 4116 1246 4182 Adrerbium
1265 4141 1320 4174 om-

1260 4229 1320 4265 'HM
