2878 4748
218 421 349 516 .370

609 380 700 470 Da
750 381 1077 474 Oaa‘roaa

373 518 594 604 scirin'ellet
609 520 864 629 Hippocrates
893 522 959 601 ille
985 521 1104 615 Cous,
1124 519 1232 604 fuille
1248 540 1342 601 tum

372 629 467 710 alios
483 632 667 726 medicos,
686 632 753 742 qui
767 633 925 724 morbis,
945 631 1136 742 alios,qui
1156 631 1334 712 uulneri-

367 743 455 835 bus
475 743 585 834 aliea,
607 743 674 851 qui
693 743 817 822 oculis
835 743 1105 823 mederentur?
1126 773 1223 824 num
1241 772 1340 852 geo·

372 853 554 934 metriam
566 853 731 936 Euclide
747 873 813 934 aut
828 853 1081 948 Archimede,
1104 882 1202 932 num
1219 853 1340 932 musr-

371 993 459 1044 cam
472 965 653 1046 Damone
665 963 1340 1070 a‘utAristoxenO,nunr'ipsasliteras,

371 1075 630 1183 Aristophane
649 1094 716 1155 aut
748 1075 992 1158 Callimacho
1020 1079 1220 1174 tradente,
1250 1095 1340 1154 tam

373 1185 575 1293 discerptas
596 1185 719 1280 fuifl'e,
749 1207 793 1265 ut
822 1215 938 1265 nemo
967 1213 1092 1295 genus*
1111 1185 1341 1265 universum

372 1299 703 1406 mmplecieretur,
724 1319 837 1407 atque
851 1317 894 1376 ut
915 1296 1012 1376 alius
1032 1296 1149 1376 aliam
1170 1295 1234 1374 fibi
1249 1325 1338 1404 par-

370 1428 467 1505 tem,
487 1407 618 1518 inqua
637 1410 859 1502 elaboraret,
888 1407 1108 1516 seponeret?
1136 1407 1340 1518 Equidem

369 1519 470 1628 'saepe
483 1517 558 1600 hoc
578 1520 705 1598 audivi
726 1522 740 1567 ⁶
760 1520 806 1598 de
822 1538 927 1626 patre
952 1537 990 1598 et
1016 1519 1062 1598 de
1083 1518 1210 1599 socero
1229 1545 1335 1611 meo,

372 1629 535 1712 Nostros
547 1660 699 1740 quoque
712 1629 905 1723 hominm,
915 1631 982 1739 qui
994 1632 1178 1709 excellere
1190 1629 1339 1736 sapien-

372 1743 438 1821 tiae
456 1741 579 1851 gloria
607 1743 767 1836 vellent,
789 1741 934 1834 omnia,
963 1769 1050 1849 quae
1068 1739 1227 1850 quidem
1247 1759 1338 1818 tum

371 1851 605 1932 haeccivitas
623 1849 755 1946 nollet,
769 1850 900 1932 solitos
912 1847 985 1930 effe
997 1850 1218 1960 compleeli.
1241 1849 1335 1930 Me·

289 1967 301 1982 “
371 1963 565 2043 minerant
580 1963 638 2041 illi
655 1964 738 2043 Sex.
753 1961 929 2043 AElium:
942 1961 999 2040 Μ’
1012 1991 1104 2042 vero
1122 1961 1339 2042 Manilium

369 2071 1338 2166 nosetiamvidimustransversoambulantemforo;

369 2187 473 2298 quod
493 2204 572 2265 erat
592 2181 749 2292 insigne,
764 2209 871 2274 eum,
890 2181 958 2292 qui
972 2183 1012 2262 id
1033 2184 1183 2276 faceret,
1208 2182 1335 2261 facere

372 2297 520 2378 civibus
534 2295 718 2375 omnibus
734 2292 879 2374 consilii
896 2293 951 2372 liri
969 2294 1121 2400 copiam
1139 2319 1149 2373 :
1171 2293 1217 2372 ad
1236 2321 1335 2402 quos

371 2409 470 2492 olim
485 2406 583 2487 etita
597 2407 855 2498 ambulanteS,
872 2425 910 2482 et
925 2405 965 2484 in
982 2405 1076 2486 solio
1090 2402 1336 2483 sedentesdo-

303 2557 321 2634 '.
370 2519 428 2600 mi
443 2520 492 2602 fic
508 2517 694 2612 adibatur,
709 2544 787 2596 non
802 2514 928 2596 solum
942 2535 986 2594 ut
1001 2515 1048 2596 de
1059 2517 1147 2625 jure
1162 2515 1267 2593 civili
1288 2513 1336 2593 ad

371 2659 453 2724 eos,
472 2629 605 2712 veriam
618 2627 736 2707 ctiam
750 2627 796 2705 de
809 2625 889 2704 filia
901 2625 1137 2718 collocanda,
1150 2625 1196 2730 de
1212 2625 1336 2704 fundo

372 2743 551 2832 emendo,
563 2741 609 2818 de
624 2765 716 2846 agro
727 2738 903 2830 colendo,
916 2737 962 2816 de
973 2734 1084 2817 omni
1097 2737 1336 2846 deniqueaut

370 2851 502 2933 officio
527 2869 594 2930 aut
621 2847 778 2956 negotio
805 2845 1020 2926 referretur.
1078 2845 1174 2948 Haec
1195 2846 1270 2926 fuit
1290 2845 1333 2927 P.

307 2985 309 2996 '
372 2961 491 3043 Cralli
513 2961 626 3041 illius
654 2958 807 3053 veteris,
839 2957 920 3036 haec
949 2957 1045 3037 Tib.
1077 2957 1331 3052 Coruncanii,

371 3077 483 3155 ⁷haec
501 3064 631 3180 proavi
647 3067 779 3177 generi
793 3069 884 3162 mei,
899 3065 1102 3175 Scipionis,
1117 3066 1333 3174 prudentis·

1248 3179 1333 3257 limi

318 3379 321 3386 “
413 3375 504 3459 ςιῖιηι
524 3376 592 3450 aaut]
610 3373 629 3433 i.
650 3393 676 3432 c.
692 3371 837 3432 cumrire·
899 3371 967 3430 ode
986 3381 1062 3446 patr-e
1082 3369 1149 3444 ete]
1191 3368 1211 3428 i.
1232 3389 1257 3428 e.
1296 3389 1332 3428 ex

372 3481 429 3542 rer:
451 3465 487 3542 lie
505 3463 534 3520 in
548 3463 624 3519 Orat.
635 3481 660 3518 c.
674 3481 700 3518 2.
720 3474 839 3528 attamen,
859 3470 935 3536 patre
963 3473 1022 3514 erc:
1064 3453 1128 3512 vide
1157 3455 1264 3514 Noram
1297 3455 1333 3513 ad
1422 3461 1423 3510 l

254 3557 264 3587 ·‘
371 3553 426 3612 crim
440 3553 503 3611 elset
515 3545 698 3622 Demrstheaes,
719 3547 792 3602 muln
814 3569 839 3602 ο-
859 3541 892 3601 ii.
909 3561 956 3619 74.

372 3655 467 3696 ratores
486 3639 573 3714 magni
598 3649 622 3690 et
643 3634 708 3690 clari
716 3633 841 3708 fierunt:
901 3647 915 3706 7
937 3629 991 3688 baec
1025 3634 1128 3709 proavi
1148 3631 1237 3706 generi
1266 3631 1324 3700 inei,

373 3742 401 3786 et
420 3724 450 3783 in
464 3724 517 3802 Ep.
532 3721 566 3780 ad
579 3721 646 3800 Art.¹
658 3717 708 3784 aii.
726 3719 770 3798 ιβ.
790 3719 841 3778 lon·
860 3717 1003 3796 Scipionis]
1025 3715 1067 3774 Ite
1077 3714 1222 3792 legendum
1235 3712 1274 3772 est
1287 3713 1332 3770 in·

367 3834 429 3890 gum
448 3809 514 3880 illud
528 3821 627 3886 tenpus,
647 3805 702 3874 crint
720 3827 767 3862 aon
786 3825 840 3878 ero,
860 3803 1048 3882 terpundliuue
1061 3803 1143 3880 paulo
1157 3801 1234 3864 allier
1245 3797 1330 3873 satta,

372 3900 453 3973 magis
466 3917 503 3968 me
522 3909 615 3964 movet,
634 3889 709 3972 purim
725 3890 770 3948 hoc
787 3897 840 3949 exi·
860 3891 945 3971 quim
965 3889 995 3948 in
1013 3887 1129 3968 vulgatis
1152 3887 1329 3959 editionibus,

367 4005 448 4060 greum
466 3997 517 4039 etc.
537 3979 622 4039 simile
646 3980 683 4038 est
704 3979 786 4038 etiam
808 3979 839 4036 il·
859 3999 921 4057 qure
933 3978 1036 4037 habent
1047 3996 1155 4036 comma
1174 3975 1234 4054 poll
1247 3987 1329 4054 praa·

371 4067 420 4128 lud
440 4067 469 4126 S·
484 4065 612 4132 Maubai
632 4087 655 4130 e.
672 4066 702 4129 ii.
721 4083 778 4142 w,
793 4065 840 4133 18.
857 4061 1328 4142 verollerrerdintelligitP.Sci·

369 4154 533 4229 l'tre'urieln
878 4141 1123 4226 ionetnNalimm,
1142 4143 1327 4300 quemPfuill'e

1251 4246 1329 4298 olm*
