2890 4752
396 395 630 491 Lrerrr
663 395 771 494 ·ΙΙΙ.·
820 395 895 494 io.
1069 468 1074 483 ·
1123 407 1235 533 '321'

124 536 328 646 '·cujue‘est
342 540 404 617 vel
424 539 595 620 maximo
608 539 755 649 iufigne
773 539 873 622 illud
887 537 1113 650 exemplum
1233 529 1237 538 ¹

128 647 209 756 (ut
243 645 396 728 caeterae
419 669 516 730 artes
533 650 797 766 omittamus),
830 652 933 762 qudd
963 653 1113 735 dicebat

146 749 346 854 lfocratds,
377 761 510 842 donor
542 761 755 872 fingulariS,
773 764 818 874 so
847 763 1045 845 calcaribus
1072 766 1111 845 in

94 900 99 915 ¹
134 868 314 1057 Ephoro,
347 889 471 950 contro
489 890 607 952 autom
625 875 663 953 in
691 869 905 985 Theopompo
917 873 1039 985 frenis
1057 876 1114 955 uti

128 980 273 1090 soeret
304 982 470 1062 alterum
491 982 599 1062 enim
618 983 874 1064 exsultantem
903 985 1108 1066 verborum

109 1136 114 1145 ·
145 1093 303 1172 audacia
327 1091 577 1200 reprimebat:
606 1097 773 1176 alterurn
792 1097 1040 1176 cunctantem
1067 1115 1106 1176 et

90 1287 95 1292 ,
132 1203 249 1324 quast
267 1204 589 1283 verecundantem
605 1207 812 1287 incitabat:
840 1234 965 1316 neque
979 1233 1044 1287 eos
1058 1205 1119 1284 sr·=

83 1323 89 1345 ²
144 1311 261 1394 miles
273 1313 1105 1411 effecitinterse,sedtantbmalteriaffinxit,

143 1423 193 1502 de
208 1427 327 1506 altero
346 1425 510 1519 limavit,
539 1445 583 1504 ut
602 1426 643 1506 id
662 1427 919 1508 conformaret
938 1428 980 1505 iu
998 1447 1105 1509 utro·
1177 1475 1180 1490 ·

142 1553 235 1642 que,
262 1536 366 1646 quod
385 1535 581 1644 utriusque
601 1557 737 1616 natura
756 1557 957 1644 pateretur.

201 1645 297 1726 Haec
317 1645 364 1727 ed
387 1646 487 1726 mihi
518 1646 753 1754 praedicenda
785 1648 958 1740 filerunt,
989 1647 1106 1742 ur‚sr
1144 1661 1191 1728 X.

142 1783 225 1836 non
238 1757 385 1851 omnia,
405 1785 493 1867 quae
508 1777 811 1864 proponerentur
829 1759 943 1852 ame,
957 1756 1005 1836 ad
1018 1785 1105 1838 orn·

141 1853 258 1946 nium
271 1867 441 1950 vestrtlm
458 1867 641 1961 studium,
661 1889 699 1948 et
719 1868 765 1947 ad
783 1897 905 1977 genus
924 1868 979 1962 id,
999 1870 1105 1977 quod

141 1977 302 2089 quisque
330 1979 497 2060 vostrum
517 1979 558 2059 in
577 1979 740 2058 dicendo
759 1979 951 2087 probaret,
976 1979 1104 2060 adhae·

142 2089 344 2185 reicerent,
374 2089 459 2170 ido
479 2117 543 2168 me
562 2116 685 2197 genus
704 2091 869 2197 exprimi
898 2089 1103 2185 sentiretis,
1168 2103 1172 2111 ‘

139 2201 248 2309 quod
263 2201 431 2280 maxime
444 2198 543 2278 mihi
558 2199 624 2305 ipsr
638 2201 872 2306 probaretur.
901 2201 1011 2308 Ergo
1022 2199 1104 2280 hoec

142 2331 182 2390 et
202 2311 349 2419 agenda
368 2307 454 2390 sunt
470 2311 516 2390 ab
530 2327 693 2404 oratore,
704 2339 792 2420 quae
806 2309 1009 2416 explicavit
1022 2312 1107 2390 An-

140 2422 288 2515 tonius,
310 2424 373 2500 'et
393 2421 553 2501 dicenda
567 2422 737 2532 quodam
757 2415 887 2502 mod0.
932 2418 1107 2518 Quinam

140 2531 266 2642 igitur
276 2532 428 2613 dicendi
444 2530 498 2610 est
513 2532 653 2612 modus
670 2530 809 2611 melior
826 2530 938 2640 (nam
952 2531 998 2610 de
1013 2531 1107 2610 acti·

110 2637 218 2732 ”one
236 2642 320 2750 post
339 2643 503 2753 videro),
536 2642 655 2751 quim
674 2663 718 2723 ut
736 2641 893 2733 Latine,
919 2659 962 2720 ut
981 2641 1107 2749 pland,

141 2774 190 2834 ut
207 2752 353 2848 ornate,
367 2774 411 2833 ut
426 2756 472 2834 ad
491 2753 544 2844 id,
562 2752 837 2862 quodcumque
851 2770 998 2860 agetur,
1021 2751 1109 2859 apte
1154 2777 1156 2784 ·

140 2885 477 2975 congruenterque
492 2864 690 2943 dicamus?
717 2865 849 2972 Atque
863 2890 1002 2944 eorum
1015 2861 1107 2972 qui·

142 2975 247 3069 dem,
266 3003 355 3086 quae
375 2975 452 3058 duo
471 2974 596 3083 prima
610 2974 707 3070 dixi,
737 2976 930 3054 rationem
948 3002 1029 3056 non
1049 3001 1109 3056 at·

141 3085 265 3168 bitror
280 3087 486 3194 exspectari
504 3086 527 3168 d
545 3112 622 3193 me,
652 3086 739 3192 puri
764 3073 1012 3196 dilucidique
1032 3084 1106 3207 ser-

950 3221 1104 3276 monis:

139 3323 191 3386 hic
203 3325 269 3384 verb
281 3321 506 3401 sensuepostulat,
527 3335 558 3379 ut
570 3319 610 3379 'af-
638 3319 733 3401 Steph.
772 3321 926 3402 Gryphiur,
963 3319 1113 3395 Stre-bour,

133 3409 277 3472 firmative
289 3407 431 3488 questioni
450 3407 609 3486 respondea-
639 3407 739 3486 aliique
755 3424 856 3467 veteres
879 3407 994 3496 editores
1011 3425 1108 3465 vocem

140 3513 195 3560 tur.
234 3495 379 3554 veriffima
410 3494 495 3574 igitur
529 3491 610 3551 tectio
639 3500 665 3552 in
688 3497 795 3556 delent:
825 3497 934 3575 opinor,
959 3493 1026 3574 quia
1048 3512 1106 3551 ver·

112 3655 116 3662 ¹
139 3581 259 3646 occurrit
271 3573 301 3639 in
318 3576 406 3640 Mstis
420 3579 502 3638 Cant.
515 3577 610 3636 Mead.
638 3585 705 3642 bum
721 3589 853 3665 praecptis
877 3584 979 3666 nnllam
999 3597 1064 3644 ante,
1078 3581 1113 3641 se

139 3673 221 3732 Harl.
236 3693 262 3733 2.
284 3665 368 3728 Norf.
378 3667 438 3727 Bal.
448 3667 518 3727 Bod.
532 3667 608 3724 Nov.
639 3671 720 3730 habet
732 3671 959 3750 praepositionem.
996 3665 1106 3727 Nouan-

128 3755 350 3840 thg.etWag.
364 3771 391 3815 et
404 3755 433 3813 in
443 3753 609 3813 editionibus
638 3757 703 3816 doru
726 3757 763 3816 est
786 3775 877 3816 autern
899 3753 963 3812 edit.
982 3753 1058 3814 Ven.
1080 3769 1108 3822 et
1190 3831 1192 3836 ,

138 3849 217 3912 Ven.
240 3859 268 3922 et
290 3841 432 3927 Lambini,
451 3865 528 3901 nonne
540 3843 609 3920 fore,
639 3843 754 3902 Mediol.
769 3843 940 3904 exhiberct'n
953 3839 1108 3922 unadispu·
1153 3887 1157 3894 .

117 3921 125 3929 ⁵
138 3952 170 3996 nr
181 3949 242 4015 quot
256 3946 364 3989 oratores
377 3945 429 3990 etc.
638 3931 749 3999 tatiotw.
913 4005 916 4012 .

183 4051 195 4092 1
218 4029 301 4106 iffdem
316 4029 560 4107 praeceptiqotque
579 4021 608 4080 in
681 4043 696 4078 2
715 4035 739 4076 or
750 4013 853 4078 dicendo
866 4013 985 4095 quodam
1000 4013 1110 4094 modo]

133 4137 192 4184 m
203 4109 489 4194 irfiitirr'oruftrroorr]
509 4109 608 4193 Lamb.
640 4104 735 4254 vulp&
747 4105 940 4185 quodammodo:
958 4103 1111 4248 sed'exduna

402 4219 404 4224 .
1063 4209 1110 4248 u„
1237 4245 1241 4253 Ι
