2870 4728
375 381 690 480 LraunI.
741 378 825 480 roi
1110 417 1176 516 19

110 529 279 639 puhlicae
298 525 398 622 fuit3
428 542 440 575 ¹
461 547 575 639 atque
595 526 627 608 is
648 553 729 608 non
748 545 926 610 accurata
952 535 1048 641 qua*

109 643 200 721 darn
214 637 401 724 orationis
421 639 547 748 copia,
565 636 655 720 ²sed
676 657 776 719 nutu
796 660 911 751 atque
930 643 1050 726 verbo

108 752 311 833 libertinos
325 752 368 832 in
382 751 546 832 urbanas
560 752 684 831 tribus
700 751 897 832 transtulit
912 785 923 847 ;
940 755 1049 864 quod

109 863 180 943 nisi
198 861 358 958 fecisset,
379 861 834 975 Rempublicam,quam
852 891 958 950 nunc
978 865 1047 948 vix
1093 861 1096 867 ’

108 996 301 1070 tenemus,
323 975 477 1084 jamdiu
503 975 656 1056 nullam
681 973 927 1081 haberemusa
987 977 1045 1058 At

106 1083 198 1169 verd
211 1091 294 1196 ejus
306 1086 380 1168 filii
399 1085 540 1180 diserti,
555 1105 594 1167 et
608 1087 793 1168 omnibus
813 1088 876 1166 vel
895 1106 1043 1171 naturae

105 1199 168 1278 vel
187 1199 377 1280 doctrine
396 1197 577 1308 praefidiis
597 1199 644 1278 ad
674 1199 884 1280 dicendum
902 1201 1044 1310 parati,
1066 1189 1070 1210 '
1190 1267 1194 1274 ,

105 1309 198 1390 cum
210 1309 410 1390 civitatem
421 1312 483 1390 vel
496 1330 655 1418 paterno
670 1310 841 1404 corrsrli0,
853 1313 914 1390 vel
930 1311 1043 1394 avitis

104 1419 224 1502 armis
251 1421 559 1503 florentiffimam
588 1420 826 1529 accepissent,
855 1421 926 1502 ista
944 1451 1042 1531 praer

103 1534 207 1612 clara
236 1532 505 1642 gubernatrice
532 1531 595 1641 (ut
625 1533 697 1645 ais)
724 1531 929 1613 civitatum
955 1535 1040 1615 elu-

101 1643 264 1754 quentia
279 1643 583 1753 Rempublicam
602 1643 885 1751 diffipaverunt.

16 1801 18 1812 ·
155 1755 292 1854 Quid?
321 1757 427 1866 leges
441 1776 587 1836 veteres
600 1755 801 1866 moresque
816 1757 1036 1865 majoruma
1076 1747 1137 1865 X,

16 1915 17 1990 g
100 1865 236 1966 Quid?
256 1865 434 1976 auspicia,
453 1867 594 1978 quibus
607 1887 647 1947 et
660 1895 734 1976 ego
752 1887 791 1947 et
809 1886 867 1963 tu,
890 1866 1036 1964 Craffe,

100 2001 197 2058 curn
223 2005 369 2088 magna
392 1979 634 2087 Reipublicae
657 1979 776 2059 salute
798 1979 1035 2088 praesumust

16 2157 18 2190 ,
99 2089 222 2200 quid?
243 2091 453 2200 religiones
468 2089 781 2198 etcaeremoniae:
811 2090 929 2201 quid?
950 2092 1035 2172 haeo

93 2203 184 2310 jura
203 2200 350 2296 civilia,
371 2229 459 2312 quae
471 2202 707 2310 jampridem
722 2203 764 2282 in
778 2200 907 2284 nostra
921 2200 1035 2282 fami-

99 2311 152 2392 lia
183 2313 262 2394 fine
295 2313 378 2392 ulla
414 2314 648 2422 eloquentiae
682 2313 794 2394 laude
827 2311 1046 2410 versantur,

98 2451 201 2504 num
231 2443 298 2504 aut
330 2423 487 2504 inventa
519 2421 620 2519 sunt,
659 2444 725 2504 aut
755 2424 926 2533 cognita,
969 2444 1036 2506 aut

17 2527 18 2532 ¹
98 2535 266 2616 omnino
285 2535 332 2614 ab
351 2555 549 2618 oratorum
568 2563 706 2644 genere
727 2534 914 2615 tradtata?
949 2540 960 2576 ³
980 2536 1037 2616 E-

98 2647 260 2758 quidem
291 2667 330 2727 et
361 2647 540 2726 Servium
559 2646 748 2727 Galbam
765 2647 956 2727 memoria
975 2665 1033 2726 te-

98 2787 189 2856 nen,
222 2757 402 2840 divinum
418 2755 627 2840 'hominem
646 2759 687 2837 in
703 2758 882 2854 dicend0,
913 2777 952 2838 et
972 2757 1031 2842 M.

98 2869 319 2952 AEmilium
339 2867 562 2964 Porcinam,
593 2889 632 2950 et
661 2877 677 2910 ⁴
698 2869 745 2950 C.
777 2869 902 2976 ipiinn
930 2871 1031 2949 Car-

97 2981 260 3077 bonem,
291 3009 411 3091 quern
429 3001 472 3060 tu
494 2979 777 3061 adolesentulus
794 2987 803 3021 ⁵
820 2979 1030 3088 perculisti,
1050 2993 1057 3008 '

97 3092 280 3203 ignarum
313 3093 461 3202 legum,
494 3092 734 3173 haefitantem
764 3091 806 3171 in
835 3096 1030 3202 majorum

918 3203 1027 3282 insti-

95 3347 323 3512 narn

96 3523 190 3584 Nerfi'
208 3525 285 3584 Nor.
316 3523 399 3604 Wag.
432 3537 460 3582 ct
486 3521 545 3579 Bal·
578 3525 630 3586 fuit
641 3530 730 3598 Caius,
745 3545 801 3586 non
814 3527 916 3608 Curis,
936 3539 967 3582 ut
981 3522 1024 3578 vi*

95 3633 178 3691 quarn
204 3612 351 3672 temonem
376 3631 425 3669 cur
455 3607 545 3689 potius
575 3615 639 3676 dere
659 3616 748 3675 estin
770 3615 790 3674 i.
811 3635 856 3692 34„
875 3629 904 3673 et
925 3613 960 3672 de
978 3610 1023 3669 Cl.

96 3702 235 3781 recipiam,
245 3700 330 3781 quiun
340 3704 477 3779 vulgatam
486 3699 542 3756 Ser·
576 3707 653 3764 Orat.
667 3727 693 3765 c.
702 3725 749 3782 43.
761 3706 883 3782 itemque
896 3702 926 3760 in
936 3698 1023 3780 Epist.

91 3793 170 3866 giam,
189 3789 256 3848 vide
276 3787 306 3847 in
319 3787 436 3856 Emend.
459 3783 541 3844 adii.
574 3793 608 3850 ad
621 3793 696 3852 Fam.
710 3792 748 3852 iar.
765 3811 811 3852 21.
832 3787 916 3849 Caius
929 3785 1023 3858 Carbo,

97 3879 145 3958 65.
571 3879 698 3956 rte-cusante
715 3880 753 3936 L.
766 3880 862 3954 Crafflr,
889 3872 1023 3934 canthari·

131 3989 151 4044 4
163 3971 195 4028 C·
203 3965 281 4049 r'fficm
292 3967 441 4043 Carbonem]
464 3964 541 4026 Huic
571 3970 741 4049 dasfimffffl
751 3969 853 4025 dicitur.

94 4057 214 4130 leffioni,
235 4074 320 4138 quam
336 4077 371 4117 ex
385 4057 438 4118 liris
452 4057 540 4117 MStis
612 4071 630 4138 ς
642 4056 784 4137 perculfii]
811 4055 830 4114 i.
844 4070 869 4114 e.
889 4051 1021 4126 evertistia

93 4149 204 4228 parm
253 4147 417 4228 uerna,
470 4147 543 4210 aver
561 4147 774 4298 ,reueremini
793 4146 879 4208 mue
895 4145 1025 4247 cernua

473 4277 475 4281 ,
656 4259 674 4302 2
929 4255 961 4296 11.
972 4251 1021 4310 700
