2890 4752
357 413 729 509 'Lrnnn‘IL
784 443 862 534 71.
1015 485 1017 494 .
1109 405 1236 528 ‘263

158 552 260 664 quit,
293 555 425 633 Patres
455 545 651 666 co'nstrtjeti,
685 551 785 632 ⁶non
812 581 875 662 ego
902 549 994 632 mihi
1017 551 1117 632 illum

157 664 318 774 iniquum
340 666 443 773 q'ero,
469 663 596 746 oerdm
614 664 781 744 omnibus.
839 665 904 742 Ab
924 663 999 742 hoc
1026 661 1118 746 verd
1186 685 1194 698 '

157 773 294 855 Cruflo
311 776 410 855 nihil
431 775 608 856 facetius:
631 775 721 856 edm
737 772 880 854 laesrss'et
896 771 1000 854 testis
1016 773 1118 852 Silus

159 881 354 980 Pisonem,
388 886 521 994 ⁷qudd
552 887 587 964 se
612 887 654 966 in
680 913 771 964 eurn
792 882 931 963 audiffe
950 881 1117 972 dixiffet,

148 997 263 1105 potest
278 997 386 1122 seri,
416 998 558 1106 inquit,
590 997 674 1089 Sile,
707 1013 747 1076 ut
765 996 808 1089 is,
832 993 921 1075 unde
938 1011 972 1073 te
990 991 1119 1098 aediffe

157 1103 262 1199 dicis,
276 1126 391 1188 eratus
402 1106 555 1188 dixerit:
576 1107 711 1188 annuit
731 1106 855 1186 Silus:
876 1107 985 1215 petest
997 1107 1118 1199 etiam,

158 1235 251 1298 utre
260 1245 327 1298 non
338 1221 431 1298 red?
445 1219 669 1302 intellexeris:
685 1217 723 1296 id
735 1243 890 1326 quoque
902 1235 985 1296 toto
995 1216 1119 1323 capite

158 1327 311 1422 annuit,
323 1348 368 1407 ut
384 1330 419 1407 se
431 1328 562 1410 Crasso
573 1331 695 1410 daret:
710 1328 935 1438 potestetiarn
942 1327 1045 1430 steri,
1060 1325 1119 1405 in·

157 1437 259 1546 quit,
285 1455 325 1518 ut
343 1439 490 1532 omnino,
509 1417 604 1550 quid
616 1460 650 1518 te
668 1438 795 1541 audff
808 1436 909 1531 dicis,
931 1465 1122 1548 numquam

156 1546 336 1628 audieris:
366 1551 441 1630 hoc
460 1549 514 1630 ita
532 1573 670 1656 praeter
684 1543 1003 1654 exspettationem¹
1023 1546 1121 1628 acci·
1171 1609 1174 1630 ι

156 1658 229 1752 dit,
249 1680 292 1739 ut
309 1657 446 1739 testem
460 1661 640 1740 omnium
656 1659 749 1739 risus
764 1659 952 1738 obrueret.
992 1655 1122 1765 Hujus
1209 1718 1217 1731 ,

158 1771 313 1878 generis
328 1769 382 1850 est
401 1774 538 1879 plenus
558 1769 731 1866 Naevius,
750 1769 913 1879 et'jocus
931 1759 986 1849 est
1005 1764 1121 1846 fami·

157 1877 282 1977 liaris,

301 2047 305 2060 ·
325 1991 587 2102 -Sapiens
598 1995 639 2102 ſs
653 1992 800 2100 algebis,
828 2008 965 2088 tremes,

156 2119 199 2182 et
220 2102 292 2180 alia
311 2103 514 2208 permulta.
876 2187 881 2204 ,

217 2213 325 2319 Saepe
344 2215 463 2292 etiarn
492 2213 612 2292 facete
631 2215 815 2297 concedas
844 2209 1054 2294 adversario
1081 2212 1121 2293 id
1146 2219 1252 2286 LXXI.
1327 2221 1365 2270 ὃ

159 2322 305 2430 ipsum,
319 2325 423 2432 quod
442 2323 513 2403 tibi
534 2323 600 2402 ille
612 2323 801 2417 detrahit3
828 2341 873 2401 ut
892 2323 940 2400 C.
955 2322 1120 2419 Laelius,
1226 2310 1232 2330 ⁸

160 2463 256 2513 cum
271 2433 307 2512 ei
321 2434 481 2542 quidam
497 2435 602 2513 malo
615 2439 754 2542 genere
769 2453 880 2512 natus
896 2431 1125 2524 dicereniu·

151 2544 329 2653 dignum
341 2543 413 2622 effe
428 2544 503 2624 suis
519 2545 741 2653 majoribus,
759 2562 800 2624 at
814 2543 964 2637 hercule,
984 2543 1124 2654 inquit,

158 2673 203 2736 tu
221 2655 291 2736 tuis
319 2653 459 2762 dignus.
518 2655 629 2761 Saepe
643 2653 761 2734 etiam
781 2655 1008 2736 sententiose
1028 2655 1123 2736 ridi-

159 2767 252 2846 cula
271 2766 472 2858 dicuntur3
501 2783 546 2843 ut
562 2765 619 2846 M.
635 2765 797 2845 Cincius
815 2791 894 2875 quo
913 2765 975 2845 die
994 2766 1125 2875 legem

160 2875 211 2956 de
236 2876 347 2958 donis
375 2897 414 2955 et
434 2875 658 2955 muneribus
676 2875 784 2970 tulit,
814 2901 908 2955 cum
926 2877 974 2956 C.
997 2877 1124 2958 Cento

161 2985 369 3094 prodiisset,
403 3005 441 3074 ct
470 2985 557 3066 satis
588 2985 883 3080 contumeliose,
927 2987 1017 3114 quid
1026 2987 1125 3098 fers,

159 3097 348 3177 Cinciole?
403 3095 578 3177 uaefisset:
609 3098 675 3178 'et
699 3125 804 3192 emas,
834 3099 974 3204 inquit,
993 3100 1074 3193 Cui,
1086 3098 1130 3206 st

45 3205 50 3212 ’
160 3209 220 3290 uti
239 3208 342 3289 velis.
376 3127 483 3315 iaepe
498 3206 605 3288 enim
619 3207 723 3305 salse,
737 3237 821 3319 quae
836 3207 917 3286 fieri
936 3235 1016 3290 non
1035 3209 1121 3316 pos-

185 3391 189 3400 .
951 3363 955 3376 ·
1019 3321 1123 3415 sunt,

160 3432 204 3492 sul
224 3431 296 3502 esset,
316 3429 412 3500 lenior,
433 3427 518 3507 quim
532 3429 631 3502 decuit,
660 3429 744 3490 soldm
758 3429 851 3491 ruditu
864 3431 1006 3509 acceperit.

160 3519 195 3578 in
205 3517 273 3578 Tib.
283 3518 411 3576 Graccho
430 3516 568 3574 tradendo
581 3538 630 3595 pu·
700 3516 759 3576 Bur
770 3518 860 3592 eman]
881 3517 910 3578 si
924 3517 967 3576 lex
980 3517 1029 3576 ista
1047 3533 1123 3576 uetu-

160 3606 284 3674 nuncu,
305 3605 358 3662 hoc
369 3602 441 3660 sensu
455 3603 565 3660 omnbus
577 3603 596 3660 i.
607 3623 632 3661 e.
660 3601 725 3674 iffer,
740 3601 809 3662 utin
819 3602 1021 3680 Magistrutibut
1030 3617 1126 3680 peten-

161 3688 320 3768 reipublice
329 3693 429 3767 iu'quus
440 3687 501 3758 effe,
515 3687 568 3746 dici
581 3710 630 3767 po·
660 3689 700 3748 dis
724 3689 860 3750 candidati
881 3687 1004 3767 suffragia
1021 3688 1126 3749 civium

162 3777 226 3838 tuit.
266 3775 319 3836 Sed
342 3775 376 3834 de
396 3775 471 3834 sensu
485 3774 631 3853 hujueloci
661 3777 816 3836 muneribus
830 3790 1000 3846 venarentur,
1023 3775 1128 3834 necesse

161 3863 238 3925 nihil
250 3862 316 3922 certi
329 3861 427 3920 habeo.
661 3861 791 3920 habuiffet
804 3861 851 3922 iste
861 3863 936 3918 centa
945 3859 975 3918 in
989 3859 1126 3940 posterum

205 3967 221 4026 7
241 3949 308 4028 qued
315 3949 347 4024 st
367 3952 394 4006 in
414 3971 468 4006 eum
487 3949 580 4025 and'ffl
591 3949 631 4008 di·
661 3965 751 4008 enere
773 3966 815 4018 ea,
843 3965 905 4026 qure
927 3963 1005 4014 antea
1032 3947 1127 4008 soleret

162 4033 260 4112 xz'ffen]
282 4033 336 4094 i.e.
349 4033 425 4110 quod
439 4033 468 4092 in
478 4031 632 4094 testimonio
661 4055 710 4116 pro
732 4032 845 4116 praemiu
857 4031 898 4092 sui
920 4031 1040 4116 ruffi-egit
1055 4033 1127 4096 acei-

162 4122 297 4188 dendoeu
310 4121 341 4182 in
354 4123 431 4182 illum
443 4121 632 4203 dixiffmquae
661 4139 734 4206 pere·

161 4231 225 4274 nou
246 4207 406 4272 videritne
423 4207 558 4290 cognorit,
587 4209 632 4272 sed
664 4234 672 4248 ·

699 4291 761 4384 Se,
1000 4296 1130 4373 Μανία
