2890 4752
239 369 247 376 ι
345 340 581 448 ῙιῘΒΕῘ(
632 336 696 446 He
754 341 834 472 845,

113 500 315 606 {quarum
333 497 407 606 alia
427 495 481 576 est
500 496 636 602 aliaad
656 496 918 575 laudationem
933 495 1074 602 aptior:

115 607 209 689 sunt
221 609 328 688 enim
341 607 426 686 aliae
439 606 702 714 virtute3‚quae
715 603 947 686 videnturin
960 605 1079 688 mori-

114 719 194 817 bus
209 715 432 810 hominum,
447 737 489 814 et
498 713 665 826 quadam
679 715 860 796 comitate
876 745 917 794 ac
933 715 1079 796 benefi-

115 828 250 908 centia
268 825 417 935 politae:
446 824 542 920 aliae,
558 855 645 938 quae
659 827 699 904 in
715 825 860 936 ingenii
880 823 1007 935 aliqua
1023 828 1080 905 faa

117 939 281 1030 cultata,
319 957 384 1018 aut
413 936 534 1016 animi
563 935 829 1044 magnitudine
858 965 899 1014 ac
929 937 1078 1038 robore.-

116 1047 230 1128 Nam
245 1035 463 1141 clementia,
472 1041 632 1156 justitia,
645 1045 874 1156 benignitas,
890 1037 994 1140 lirim,
1006 1049 1081 1126 for-

1103 343 1200 477 28'9
1297 333 1299 345 ’

116 1157 250 1238 titudo
268 1159 310 1237 in
328 1151 507 1268 pericdlis
527 1155 815 1251 communibus,
836 1158 1009 1268 jucunda
1028 1149 1083 1238 etl
1106 1158 1109 1166 ’

118 1268 257 1350 auditu
273 1267 313 1348 in
327 1267 629 1362 laudationibus3
646 1265 799 1374 (omnes
812 1265 918 1348 enirn
933 1265 992 1348 ltae
1005 1265 1084 1348 vir·

117 1399 224 1458 tutes
244 1406 323 1460 non
342 1398 423 1456 tam
442 1369 540 1483 ipsis,
569 1385 582 1418 ⁴
601 1377 668 1486 qui
687 1404 748 1456 eas
774 1375 933 1470 habent,
958 1377 1083 1486 quim·

116 1487 254 1598 generi
270 1487 479 1568 bominum
491 1481 1080 1600 ft·udluosaeputatttur):'.sapien-·

117 1599 176 1678 tia
194 1620 232 1678 et
251 1597 480 1707 magnitudo
500 1595 637 1691 animi,
658 1624 734 1705 qua
752 1621 889 1676 omnes
906 1601 985 1676 'res
1005 1593 1081 1678 hu-
1117 1591 1133 1698 J

117 1736 245 1790 manae
259 1729 392 1812 tenues
405 1728 442 1788 et
458 1735 527 1816 pto
542 1705 669 1787 nihilo
683 1722 883 1814 putantur;
903 1723 941 1786 et
961 1705 1001 1805 in
1013 1735 1082 1786 errd

118 1818 327 1926 cogitando
349 1811 406 1898 vis
428 1817 608 1928 quaedam
637 1813 801 1926 ingenii,
832 1835 870 1896 et
898 1815 976 1924 ipsa
995 1817 1080 1896 eloa

118 1922 561 2038 quentiaadmirationis
592 1925 706 2008 habet
727 1924 814 2006 'non
843 1925 989 2020 minito,
1013 1927 1080 2036 ju⁴

118 2038 330 2119 cunditatis
351 2035 500 2119 minirs:
530 2029 543 2116 i
571 2029 627 2118 sos
646 2037 753 2115 enirn
774 2025 897 2144 magis
917 2035 1081 2130 videtur,

117 2177 219 2258 quos
237 2147 454 2245 laudamus,
484 2177 602 2258 quam
622 2143 726 2243 illos,
757 2147 857 2254 apud
874 2176 971 2257 quos
991 2149 1078 2228 latu.⁴

925 2257 1078 2355 damus,

115 2397 212 2444 menter
237 2385 335 2442 arduas
360 2382 489 2462 plenasque
521 2381 587 2439 labo-
616 2394 677 2460 quae
690 2373 959 2440 contemnitetinfia
973 2383 998 2439 se
1011 2381 1082 2458 post-¹

115 2495 187 2530 rum.
226 2469 296 2530 Non
319 2469 401 2550 igitur
430 2491 524 2530 omnes
548 2490 592 2532 rer
618 2467 947 2544 taspntatteslrutnanau‚
961 2466 1084 2546 itemque

117 2557 211 2638 gestae,
230 2557 274 2616 sed
289 2557 411 2616 difficiles
430 2575 458 2616 et
482 2557 588 2636 pericu-
617 2550 781 2629 eloquent-ia,
792 2550 1083 2628 minusjucundaesuut

117 2643 184 2704 losae
194 2643 409 2722 magnitudinem
421 2643 506 2722 animi
517 2644 589 2706 iudi·
617 2637 797 2710 audientibus,
839 2640 901 2696 citm
931 2638 1083 2712 laudentur,

117 2747 195 2794 cant.
225 2729 358 2802 Secumld,
373 2731 529 2810 nonmagis
543 2751 588 2790 ve·
617 2721 701 2802 quaint
724 2723 777 2780 illae
798 2721 917 2796 virtutes,
948 2746 1010 2805 quae
1029 2727 1081 2784 hus

119 2837 184 2876 rum
198 2812 244 2886 est,
266 2815 482 2896 magnitudinem
504 2813 589 2874 animi
618 2807 700 2866 manb
723 2809 813 2886 generi
837 2810 914 2870 utiles
934 2811 1011 2870 sunt:
1038 2811 1082 2872 sed

117 2911 232 2958 tenuent
256 2915 283 2956 et
302 2915 355 2976 pto
378 2899 466 2956 nihilo
484 2897 587 2976 putari:
618 2913 674 2952 uon
711 2894 801 2953 minda
828 2915 873 2954 eat
907 2897 1081 2968 admiramur,

117 2983 286 3044 contrarium
299 2983 374 3042 enim
388 2983 480 3062 aperte
498 2983 590 3062 postea
617 2985 679 3040 citur
707 2982 825 3064 laudatar
848 2983 997 3044 audiamus.
1036 2983 1084 3044 sie

115 3071 260 3134 Antonius
272 3071 359 3140 docet,
380 3071 445 3130 cunt
458 3068 532 3140 dicit,
542 3071 586 3144 se·
617 3067 651 3124 de
664 3067 720 3126 Off.
735 3067 753 3124 i.
770 3087 814 3126 20.
842 3067 927 3126 Fortis
940 3071 1046 3130 animus
1058 3085 1083 3130 et

118 3171 182 3214 ruat
204 3177 276 3228 arares
299 3153 423 3212 horariam
449 3155 503 3225 illa,
532 3173 590 3234 qaae
618 3174 731 3232 magnus
762 3149 857 3211 duabus
882 3156 952 3214 rebar
975 3161 1086 3218 maxim)

118 3240 252 3300 mr'rabil'a
264 3239 329 3318 sani
349 3245 376 3297 in
395 3245 501 3310 virleu,
534 3244 590 3295 lau·
617 3242 744 3297 cernitur:
763 3260 870 3318 quarum
891 3259 943 3302 terta
956 3248 983 3302 in
1000 3267 1084 3302 reram

119 3323 193 3388 dart.
231 3323 344 3384 Interim
364 3325 413 3384 illa
426 3345 479 3384 vox
497 3347 590 3404 gerun-
618 3343 774 3384 externarum
787 3328 961 3406 despicientia
968 3339 1083 3411 portitat.

118 3429 167 3471 tur
189 3411 261 3472 abest
278 3409 397 3469 instit
410 3411 491 3489 Joan.
511 3411 590 3468 Harl.
619 3415 702 3472 Tusc.
715 3413 793 3492 Disp.
807 3413 844 3472 iv.
860 3437 875 3476 2
880 3437 905 3492 3.
926 3416 1085 3476 Fortitudinr

119 3520 164 3578 pr.
175 3495 232 3556 Pal.
242 3497 333 3576 primo
342 3514 369 3556 et
379 3497 504 3568 seeundo,
516 3497 590 3556 Pith.
618 3503 824 3561 contemnenda
823 3503 886 3578 siant
896 3523 936 3562 tes
947 3506 1084 3564 burnanaea
1102 3579 1104 3582 Ι

120 3584 215 3646 Mem·
233 3601 261 3644 et
282 3581 443 3664 quibusdam
457 3581 591 3644 veteribus
620 3587 661 3646 iii.
676 3605 703 3662 7.
736 3589 792 3660 Qi
818 3588 902 3646 animi
927 3591 1019 3668 magni
1035 3594 1084 3668 fit,

120 3667 216 3732 Caroli
230 3669 363 3750 Stephani
383 3669 468 3729 libris.
507 3671 590 3730 Abest
618 3677 758 3734 inmitium:
777 3679 822 3753 qai
839 3677 949 3732 invidas
960 3677 1008 3751 stt,
1030 3687 1086 3742 errat

121 3757 205 3820 etiam
225 3759 261 3817 ab
279 3753 414 3838 excerptis
437 3755 500 3818 MS.
513 3759 590 3817 Not.
620 3761 751 3818 humanas
765 3775 806 3818 rea
819 3759 962 3840 despicere.
982 3759 1083 3838 iii.17a
1108 3759 1110 3766 '

119 3861 148 3904 et
172 3843 280 3924 pundlia
299 3843 456 3904 subducitur
473 3843 503 3904 in
516 3844 591 3902 sexto
619 3847 712 3907 Aderit
723 3847 860 3920 finitam,
879 3865 937 3924 quae
958 3859 982 3902 re
1001 3853 1086 3906 animo

109 3929 180 4006 ,Pat
231 3929 262 3988 Si
283 3947 379 3990 vocent
396 3945 520 4008 geruntur
542 3925 591 4006 eji-
619 3949 689 3990 raatr
708 3937 750 4006 effe
769 3947 843 4008 coget,
864 3947 893 3987 ur
912 3936 1003 4004 omnia,
1026 3944 1086 4014 qua

120 4021 188 4092 riae,
207 4019 301 4093 letior,
324 4018 412 4078 sensus
438 4019 510 4078 eritt
543 4017 589 4080 Sa·
612 4018 698 4098 prfflar
711 4014 805 4072 homini
816 4019 923 4086 euenire,
948 4030 1084 4078 contemnas

118 4107 228 4190 pientia
249 4123 278 4166 et
309 4105 468 4188 magnitudo
493 4105 589 4180 animi,
618 4121 642 4162 rt
662 4121 712 4181 pro
734 4098 822 4160 nihilo
842 4117 929 4180 putet.
967 4099 1083 4164 DeFin.

659 4187 688 4247 U
1007 4201 1012 4210 ·
1041 4189 1083 4252 iii.
