2870 4728
397 347 785 465 LrnsnI.4.
1153 363 1184 476 7

138 525 268 587 tamen
286 504 484 614 pauciores
500 523 681 599 oratores,
692 501 811 613 quim
822 509 958 610 polim,
972 501 1065 588 boni

134 617 383 723 reperientur.
440 615 559 716 Quod
591 617 667 696 hoc
700 613 831 694 etiam
848 614 1065 698 mirabilius

136 728 248 808 debet
267 726 405 822 videri,
425 725 516 837 quia
535 747 761 808 caeterarum
780 725 922 806 artium
942 725 1066 808 studia
1147 787 1149 794 ,

138 839 215 918 fere
233 838 443 920 reconditis
455 859 569 948 atque
588 836 758 919 abditis&
778 837 951 918 fontibus
968 837 1065 918 hau·
1165 929 1167 934 ¹

23 1029 24 1036 Ν
138 948 311 1043 ἡιπιωτς
340 949 492 1032 dicendi
512 969 642 1029 autem
655 947 786 1030 ornnis
803 947 902 1030 ratio
920 948 962 1028 in
981 977 1065 1030 me·

22 1105 24 1160 5
135 1061 201 1141 dio
218 1061 354 1170 posita,
375 1060 577 1142 communi
596 1059 768 1170 quodani
786 1057 826 1139 iu
842 1058 927 1153 usu,
950 1079 1064 1172 atque

134 1170 177 1252 in
195 1171 409 1252 hominum
427 1197 537 1252 more
555 1171 786 1274 etsermone
805 1169 991 1252 versatur:
1019 1189 1063 1252 ut

22 1293 23 1376 l
135 1281 342 1364 incaeteris
372 1283 412 1363 id
442 1282 612 1362 maxime
630 1283 806 1375 excellat,
826 1283 938 1391 ,quod
970 1284 1061 1362 lon·

21 1401 23 1444 ³
133 1391 282 1502 giffime
300 1393 346 1473 fit
356 1395 404 1474 ab
415 1393 686 1502 imperitorum
705 1391 964 1501 intelligentia
978 1392 1061 1472 sen·
1125 1461 1128 1478 .

134 1501 253 1613 suque
265 1503 523 1614 disjunctum
544 1504 760 1588 indicendo
773 1521 906 1584 autem
919 1503 1062 1584 vitium

137 1617 227 1695 ¹vel
245 1617 466 1696 maximum
485 1616 529 1696 s1t
550 1616 572 1696 s
591 1615 741 1726 vulgari
760 1640 900 1724 genere
916 1615 1062 1694 oratio·

135 1725 211 1820 nis,
234 1744 348 1836 atque
366 1727 388 1806 l
407 1725 682 1812 consuetudine
700 1723 924 1806 communis
936 1722 1064 1812 sensus

131 1835 349 1923 abhorrere.
459 1915 464 1922 ,
1014 1893 1016 1903 ·

188 1949 252 2028 Ac
270 1975 320 2028 ne
339 1949 439 2030 illud
456 1948 615 2059 quidem
633 1947 720 2028 vere
739 1944 815 2029 dici
833 1947 970 2057 potest,
995 1965 1062 2032 aut
1117 1953 1189 2042 IV.

132 2059 262 2167 plures
281 2060 427 2139 caeteris
447 2060 590 2140 artibus
609 2056 810 2155 inservire,¹
833 2080 898 2141 aut
917 2061 1061 2170 majore

133 2168 405 2266 delectatione,
428 2189 495 2250 aut
512 2169 576 2278 spe
594 2169 786 2266 uberiore,
814 2190 880 2280 aut
898 2171 1068 2279 praemiis

134 2281 183 2362 ad
212 2278 515 2388 perdiscendum
535 2278 790 2388 amplioribus
809 2282 1065 2367 commoveri.

136 2391 284 2501 Atque,
304 2411 351 2470 ut
368 2391 553 2473 omittam
568 2389 790 2487 Greciam,·
812 2421 900 2502 quae
919 2392 1068 2500 semper
1108 2462 1115 2470 .

134 2501 368 2613 eloquentiae
401 2501 577 2610 princeps
601 2501 675 2582 efl'e
701 2502 844 2598 voluit,
875 2521 989 2612 atque
1019 2503 1066 2584 il·
1133 2507 1136 2512 ’

135 2614 190 2694 las
209 2613 394 2696 omnium
413 2613 677 2694 doctrinarum
696 2612 928 2696 inventrices
939 2613 1081 2696 Athe-t

18 2711 19 2806 ἶ
131 2751 215 2818 nas,
244 2724 287 2806 in
306 2725 448 2836 quibus
481 2723 635 2806 summa
664 2723 817 2808 dicendi
849 2724 909 2804 vis
934 2743 974 2806 et
1002 2726 1065 2807 in·

134 2854 250 2914 venta
269 2834 393 2936 estet
426 2837 618 2943 perfecla3
650 2833 690 2916 in
710 2835 783 2918 hac
813 2835 892 2944 ipsa
910 2835 1067 2920 civitate

135 2945 308 3052 profeclrl
368 2949 491 3060 nulla,
530 2973 722 3056 umquam
776 2947 1064 3046 vehementius,
1116 3033 1122 3056 ι

134 3056 253 3164 quim
273 3057 521 3167 eloquentiae‚
541 3055 664 3138 studia
683 3055 907 3166 viguerunt.
957 3057 1066 3140 Nam

136 3167 401 3276 posteaquam,
445 3167 610 3276 imperio
656 3168 841 3250 omnium
886 3169 1066 3278 gentium

136 3277 361 3376 constituto,
393 3277 627 3359 diuturnitas
652 3278 757 3387 pacis
778 3277 906 3361 otium
925 3279 1067 3362 confir·

928 3412 1065 3488 mavit,

132 3609 190 3650 non
205 3591 353 3668 (utvulgo)
366 3589 410 3664 est,
429 3589 474 3650 sed
484 3589 583 3668 firsp-
615 3588 688 3650 beant
695 3613 704 3659 ;
738 3591 790 3664 hic,
819 3593 867 3672 ⁷13⁴ss
891 3587 1024 3666 domesticis
1035 3590 1066 3664 st

134 3675 199 3752 poni
221 3674 358 3756 oportuit:
392 3690 420 3734 et
445 3673 483 3734 itn
507 3675 582 3734 MSti
613 3676 759 3752 r'fflruxerit
783 3683 868 3758 copiis,
899 3673 999 3734 attunt
1023 3676 1065 3732 di-

134 3759 217 3820 Norf.
236 3757 295 3818 Bal.
317 3777 345 3818 ct
359 3757 429 3820 Bod.
448 3777 479 3820 ut
500 3761 582 3821 etiarn
614 3763 684 3821 cendi
695 3767 789 3843 ¹copiam
803 3777 886 3844 petere
904 3783 951 3819 non
970 3761 1064 3840 pollis:

134 3845 275 3906 Editiones
297 3845 375 3936 vicl.
397 3848 460 3908 Asc.
486 3847 581 3926 steph.
614 3845 1064 3928 Particulaconjunclivsurpostu·

133 3931 233 3992 Lamo.
246 3931 429 4014 aliorumque:
450 3933 583 3993 limileest
615 3941 652 3996 lat
667 3937 727 4020 post
747 3939 773 3997 se
786 3935 897 3995 modurn
917 3935 1065 4014 subjuuc'li-

134 4017 204 4078 istud
222 4018 253 4078 ii.
267 4039 296 4100 9.
332 4037 361 4084 ur
380 4026 476 4092 cereri,
494 4023 525 4100 fi
541 4021 582 4080 di·
615 4043 680 4084 vum
720 4023 750 4082 ln
789 4038 901 4103 utruque
925 4021 1065 4083 sententio

121 4108 190 4182 ficti
234 4117 271 4182 nt,
296 4105 334 4166 ali
350 4105 446 4176 uidab
469 4107 514 4180 hoc
535 4107 585 4172 ba«
634 4125 698 4170 arte.

205 4103 236 4186 st
332 4129 349 4190 r
418 4187 421 4196 ,
615 4132 719 4276 ΡΒ4
824 4245 826 4250 Ι
957 4197 1066 4280 aq&
