2858 4746
279 442 282 450 ·
349 372 563 481 Linon
604 373 672 480 ll.
726 401 804 511 ις’.

85 519 252 612 infitiari
265 531 409 612 necell'e
421 530 489 612 est.
499 532 543 614 Id
555 531 609 612 est
621 531 740 640 igilur
750 528 1053 640 genusprinlnm

85 639 322 734 cauffamm,
337 641 378 722 in
385 642 542 751 judiciis
554 671 600 724 ex
611 641 901 724 controverfiaF
903 643 992 724 aeli:
1012 645 1054 724 in

83 751 432 832 deliberationibus
463 753 690 864 plerumque
715 781 761 834 ex
781 753 941 832 Futuri:
970 755 1054 838 rard

1068 403 1173 509 ηε
1211 335 1217 352 ’

82 860 212 966 etiarn
225 890 273 942 ex
285 861 477 954 Instantis,
493 883 557 944 aut
573 864 607 944 F
609 864 694 944 aeli.
725 865 831 971 Saepe
845 883 1053 946 autem-res
1077 861 1078 870 '

84 999 186 1066 non,
202 973 273 1067 Sit,
288 1001 424 1066 necne,
445 973 508 1072 sed
519 975 660 1073 'Qualis
675 968 734 1069 fit,
755 972 961 1086 quaeritur3
989 996 1049 1070 ut,

82 1083 184 1164 clun
208 1083 423 1190 L.Opimii
443 1082 608 1168 caull'nn
624 1085 848 1167 defendebat
865 1087 965 1190 apud
985 1117 1053 1192 po.
1076 1169 1079 1174 Ι

84 1195 249 1300 pulum,
279 1192 456 1274 audiente
471 1219 550 1289 me,
573 1189 618 1274 C.
631 1195 760 1278 Carbo
778 1195 926 1291 consul,
949 1193 1050 1282 nibil

84 1303 139 1384 de
156 1303 208 1386 C.
226 1303 396 1385 Gracchi
415 1332 509 1384 nece
522 1307 709 1413 negabat}
724 1303 800 1386 ¹sed
820 1307 857 1386 id
875 1310 961 1415 jure
980 1305 1051 1416 pro
1083 1309 1085 1318 '

85 1413 212 1494 salute
240 1414 372 1520 patriae
399 1415 546 1497 fanum
569 1415 642 1494 efl'e
661 1409 832 1509 dicebam
860 1437 905 1494 ut
924 1419 1051 1503 eidem

84 1524 266 1604 Carboni
275 1521 432 1606 tribuno
443 1525 578 1632 plebis,
598 1523 671 1604 alia
682 1544 770 1604 tum
785 1545 914 1606 mente
929 1531 1050 1612 Rem-

85 1635 290 1743 publicam
320 1634 537 1743 capellenti‚
569 1633 613 1716 P.
643 1635 850 1716 Africanub
879 1637 925 1716 de
953 1641 1049 1720 Tib.

83 1747 276 1827 Graccho
286 1744 536 1854 interroganti
550 1737 895 1860 responderat‚jur'e
907 1747 1049 1830 caesum
1174 1736 1178 1755 ⁸

86 1856 237 1938 videri:
260 1859 347 1965 jure
365 1877 496 1936 autem
515 1855 648 1938 omnia
666 1858 937 1952 defenduntur,
965 1889 1052 1969 quae
1159 1867 1164 1878 '

85 1967 181 2049 sunt
198 1969 287 2076 ejus¹
297 1966 465 2075 generis,
494 1987 539 2048 ut
563 1987 628 2046 aut
646 1969 874 2074 oportuerit,
905 1989 971 2050 aut
999 1972 1051 2051 li·-

82 2079 230 2174 cuerit,
247 2097 313 2158 aut
327 2077 470 2160 necesse
485 2077 614 2171 fuerit,
626 2097 691 2157 aut
706 2078 965 2184 imprudentia
983 2102 1051 2168 aut.

84 2187 179 2270 casu
192 2190 292 2270 sabla
306 2187 378 2268 effe
390 2189 600 2270 videantur.
638 2187 744 2296 Jann
760 2190 867 2290 Quid
881 2211 1052 2286 vocetur,

83 2299 289 2492 quaeritur,
307 2296 414 2394 curn,
435 2327 514 2408 quo
533 2299 648 2378 verbo
666 2299 760 2406 quid
780 2302 1053 2406 appellandum
1125 2345 1135 2364 ι
1178 2385 1182 2392 ,

100 2443 115 2490 ι

119 2432 147 2504 t,
160 2409 429 2504 contenditur3
444 2431 491 2490 ut
511 2407 610 2488 mibi
631 2410 696 2515 ipsi
717 2437 809 2500 cnm
829 2407 903 2490 boc
923 2412 1050 2516 Sulpi,-

85 2523 150 2604 tio
170 2519 246 2600 fuit
259 2521 306 2600 vin
325 2519 502 2602 Norbani
523 2518 645 2600 cauffa
664 2519 815 2600 summa
834 2519 1052 2602 eontentio:

86 2621 273 2742 pleraque
292 2631 401 2712 enirn
421 2632 466 2710 de
486 2631 545 2724 iis,
559 2658 646 2739 qnae
661 2631 706 2710 ab
725 2629 798 2720 isto
817 2631 1050 2739 objiciebam
1107 2691 1118 2698 -

87 2765 169 2838 tur,
188 2743 282 2825 clam
299 2741 513 2835 confiterer,
538 2742 734 2821 tamenab
754 2741 824 2822 illo
845 2748 854 2782 ⁵
874 2743 1050 2852 majest-a·-

89 2875 178 2936 tem
205 2855 412 2934 minutam·
431 2852 640 2962 negabam:
668 2877 716 2932 ex
732 2881 812 2962 quo
831 2855 949 2936 verbo
966 2856 1053 2962 lege

87 2964 261 3071 Apuleia
276 2981 362 3044 rota
379 2963 447 3044 illa
458 2959 805 3069 ‚caullapendeban
852 2965 992 3073 'Atque
1004 2967 1054 3044 in

87 3077 173 3156 hoc
186 3101 325 3183 genere
339 3071 553 3156 caull'arum
567 3071 749 3152 nonnulli
764 3072 1055 3180 praecipiurrnut

92 3186 263 3268 verbum
281 3184 396 3280 illud,
425 3183 531 3292 quod
563 3181 728 3262 caussam
758 3183 865 3276 facit,
896 3183 1055 3266 ⁶lu'cide

90 3296 335 3406 breviterque
346 3315 508 3403 uterque
521 3292 690 3374 deliniat.
721 3293 839 3392 Quod
853 3292 953 3376 mihi
968 3297 1055 3406 qui-

89 3407 186 3488 dem
214 3433 401 3514 perquam
432 3403 578 3511 puerile
606 3403 725 3482 videri
754 3403 869 3486 solet:
898 3404 1055 3486 aliaest

6 3605 7 3610 Ν
90 3516 217 3616 enim,
247 3517 339 3598 cnm
358 3514 459 3596 inter
477 3517 613 3612 clodos,
628 3514 807 3626 homines
826 3516 872 3598 de
892 3515 938 3597 iis
968 3515 1053 3624 ipsis

91 3629 225 3723 rebus,
254 3652 343 3738 quae
362 3623 557 3708 versantur
580 3623 623 3706 in
643 3625 802 3724 artibus,
832 3623 1054 3732 disputetur,

126 3774 131 3782 ·
561 3779 564 3784 ·
848 3737 1055 3820 verborum

89 3928 223 4006 Apim]
247 3927 401 3988 Lambinus
418 3921 485 4008 legit
496 3925 563 3984 dilu-
595 3925 749 4001 MStorum,
768 3927 887 4006 itemque
899 3925 1018 3988 Vinorii
1031 3943 1059 3994 et

89 4017 166 4076 eid).-
184 4007 564 4094 addidilerevocemumqae
598 4035 623 4090 3.
643 4003 872 4072 vetustissimarum
887 4013 1058 4074 erlitlorlurne

92 4108 196 4181 (quon
204 4099 285 4176 ejecit
304 4101 450 4176 Gruterus)
470 4099 562 4159 aune
595 4099 625 4160 si
638 4099 707 4160 istud
726 4115 826 4179 uterque
838 4101 1057 4176 sententiaeb&

90 4187 173 4249 ritate
193 4186 398 4266 plerorumque
439 4203 561 4248 meorum
594 4179 699 4248 neoeffe
710 4183 771 4260 erit,
791 4201 821 4247 nt
834 4187 875 4246 vel
893 4207 957 4248 curn
974 4185 1059 4247 MS»
