2870 4728
173 405 176 416 ·
258 385 326 484 44
589 359 1114 454 Duonaroan

218 595 219 603 Ν
310 499 337 592 ’,
381 502 490 608 Quid
509 503 659 585 multa?
688 503 739 586 lic
758 503 859 607 mihi
884 523 972 586 tum
1001 499 1223 610 persuadere
1246 499 1317 580 vi·

378 619 681 728 debatur,neque
694 615 902 696 artificium
914 616 1045 695 ullum
1057 612 1129 694 effe
1142 611 1321 707 dicendi,¹

378 739 505 838 nequ'e
518 755 757 839 quemquam
772 725 887 836 polle,
906 725 975 806 nisr
991 725 1058 836 qui
1080 725 1163 820 illa,
1185 723 1317 834 quaeia

380 837 601 920 doeriffimis
621 838 849 920 homiuibus
870 837 911 918 in
936 835 1181 947 philosophia
1206 833 1317 914 dice·
1426 851 1427 942 l

379 969 528 1046 rentur,
543 949 751 1060 cognollet,
772 970 837 1030 aut
848 949 990 1030 callide
1002 967 1068 1028 aut
1087 943 1238 1055 copiose
1251 945 1318 1028 di·

378 1089 475 1142 cere.
533 1067 545 1102 ⁸
570 1063 724 1162 Quibus
744 1062 869 1142 dicere
889 1059 1128 1142 Charmadas
1149 1058 1314 1152 solebat,

252 1171 255 1192 ¹
378 1171 583 1280 ingenium
602 1192 731 1266 tuum,
750 1171 892 1265 Cralle,
912 1170 1164 1251 vehementer
1182 1167 1324 1270 admi-⁴

249 1343 253 1346 -
378 1311 479 1376 rane,
508 1311 572 1364 me
602 1284 669 1362 fibi
703 1282 927 1391 perfacilem
957 1282 999 1362 iu
1033 1279 1238 1374 audiendo,
1270 1299 1315 1358 te

377 1421 662 1502 perpugnacem
682 1394 724 1474 in
743 1393 972 1500 disputando
990 1389 1064 1471 elle
1082 1393 1220 1472 visum.

242 1515 361 1600 XXI,
435 1505 547 1584 Tum
576 1533 625 1585 ue
658 1533 744 1614 ego,
771 1504 847 1582 'hac
879 1504 1014 1583 eadem
1042 1501 1225 1608 opinione
1245 1501 1318 1582 ad-

381 1618 531 1710 duetus,
544 1535 667 1724 liripfi
679 1616 798 1696 etiam
810 1615 909 1696 illud
923 1615 1093 1723 quodam
1108 1613 1149 1692 in
1164 1614 1316 1710 libello,
1413 1645 1416 1652 ·

381 1727 448 1838 qui
468 1755 533 1807 me
552 1727 798 1834 imprudente
812 1743 851 1802 et
870 1724 996 1804 invito
1007 1723 1148 1804 excidit
1168 1745 1206 1804 et
1225 1753 1315 1832 per-

379 1838 487 1918 venit
506 1837 547 1916 in
567 1865 705 1917 manus
726 1834 950 1929 hominum,
969 1833 1113 1944 disertos
1130 1864 1195 1914 me
1215 1863 1312 1944 cog·

382 1945 487 2028 nolle
498 1949 722 2042 nonnullos,
730 1948 937 2056 eloquentem
949 1945 1074 2026 adhuc
1088 1947 1312 2027 neminem:
1426 2009 1427 2034 r

381 2057 486 2170 qudd
515 2085 607 2138 eum
637 2057 850 2137 statuebam
869 2055 1065 2150 disertum,
1094 2058 1161 2166 qui
1192 2055 1315 2165 poll'et
1426 2081 1427 2130 r

382 2169 469 2250 latis
489 2169 598 2249 acute
628 2187 742 2279 atque
770 2167 938 2250 dilucide
971 2169 1071 2274 apud
1100 2170 1318 2248 mediocres

381 2279 563 2361 homines
592 2307 640 2360 ex
669 2280 874 2360 communi
907 2281 1075 2388 quadam
1101 2280 1315 2360 hominum

291 2405 306 2426 '‘
382 2392 566 2501 opinione
585 2391 736 2486 dicere;
766 2393 1015 2500 eloquentem
1035 2389 1137 2486 verd,
1152 2391 1219 2502 qui
1236 2389 1315 2470 rni-

381 2503 539 2586 rabilius
559 2523 597 2583 et
617 2502 931 2612 magnificentids
952 2529 1091 2609 augere
1109 2501 1228 2609 poll'et
1255 2522 1316 2581 at·
1403 2575 1427 2606 ,Ν

382 2641 458 2724 que
476 2642 625 2708 ornare,
643 2643 730 2724 quae
749 2615 882 2707 vellet,
904 2613 1114 2722 omnesque
1128 2613 1314 2693 omnium

382 2746 528 2820 rerum,
559 2753 646 2835 quae
665 2726 712 2803 ad
731 2725 939 2804 dicendum
959 2724 1204 2830 pertinerent,
1225 2726 1315 2805 fon-

381 2855 439 2914 tes
457 2837 591 2921 animo
621 2863 664 2915 ac
697 2834 887 2916 memoria
920 2835 1150 2937 contineret.
1191 2833 1312 2916 ldfi

384 2945 439 3025 est
470 2946 630 3026 difficile
655 2945 779 3041 nobis,
807 2946 875 3057 qui
896 2967 998 3041 ante,
1029 2947 1148 3057 qudrn
1168 2948 1214 3025 ad
1235 2944 1313 3024 dis-

384 3057 553 3137 cendum
568 3057 719 3166 ingreffi
732 3057 875 3150 sumuS,
887 3057 1316 3138 obruimurambitione
1426 3155 1427 3162 ἵ

383 3187 422 3247 et
456 3169 555 3264 som,
587 3169 630 3248 fit
649 3189 780 3248 tamen
801 3169 840 3248 in
862 3170 1086 3275 repositum
1106 3189 1219 3278 atque
1240 3197 1311 3247 na-

381 3301 487 3359 tura:
526 3277 746 3388 egoenim,
788 3300 980 3390 quantum
1019 3308 1185 3388 auguror
1219 3307 1315 3358 con-

377 3391 539 3498 jedturu,
567 3409 786 3500 quantaque
816 3388 973 3499 ingenia
1004 3390 1045 3470 in
1076 3391 1214 3476 nostris
1241 3389 1314 3469 ho-

1141 3499 1315 3586 minibus

425 3703 555 3780 3Qibus
568 3701 658 3760 dicere
666 3699 833 3762 Charmadas
868 3701 1021 3762 Lambinus
1045 3701 1200 3780 conjettum
1223 3702 1317 3762 Horo·
1426 3739 1427 3764 r

373 3787 554 3864 silbarum]
576 3789 629 3848 Pro
643 3789 752 3866 vulgrto
766 3783 844 3844 Car?
867 3789 961 3848 manni
987 3791 1063 3870 legit,
1090 3791 1188 3864 Qidus
1210 3788 1318 3866 aedicere

384 3875 469 3930 neadcs
486 3895 589 3952 repono
603 3872 762 3930 Charmadas
785 3893 832 3930 au·
865 3893 916 3935 etc.
926 3898 1039 3955 proquo
1043 3875 1115 3956 forti:
1125 3877 1269 3956 legendum
1280 3877 1318 3936 est

384 3959 506 4018 &oritate
517 3961 659 4020 MStorum
673 3961 742 4019 Bod.
754 3959 832 4020 Harl.
867 3963 965 4036 Quibus
975 3961 1108 4040 Jibjicere:
1128 3961 1191 4035 Sed,
1204 3968 1269 4022 cum
1283 3963 1317 4020 sr-

390 4067 414 4104 1.
428 4061 454 4103 et
463 4047 543 4122 Joan.
553 4063 579 4106 et
589 4049 626 4105 ob
637 4045 753 4104 rationes
763 4045 796 4104 ad
806 4069 830 4106 c.
867 4051 940 4106 leant
949 4049 1035 4123 Meti,
1045 4050 1145 4110 metor
1158 4045 1318 4110 suofmatur

387 4149 601 4191 rememoratae.
617 4133 771 4193 l’orrdcdm
783 4155 830 4191 vo·
864 4133 980 4220 judicio.

381 4236 425 4279 ces
435 4216 536 4294 Qibus
545 4219 624 4276 dicere
634 4219 759 4299 suspeclae
770 4219 829 4292 siut,
1130 4212 1134 4233 '
1228 4240 1248 4296 4
1256 4221 1319 4296 fire
1426 4279 1427 4296 p
