2858 4746
332 451 531 543 Lirin
577 450 639 549 II.
704 481 779 572 3²·

68 593 247 676 summas
262 591 516 672 revolventur.
546 591 677 701 Atque
695 591 780 674 haec
792 593 945 676 fotfitan
962 595 1038 678 ho·
1055 691 1058 698 ,

71 703 191 798 mini,
210 729 290 784 non
305 701 453 798 omnia,
470 731 557 812 quae
575 703 719 782 suntin
735 723 1033 802 naturarerum,

70 815 252 904 celeriter
264 811 396 894 animo
407 812 761 920 comprehendenti,
772 815 966 922 permulta
976 816 1036 897 vi·
1104 835 1111 856 “

71 927 252 1017 deantur,
272 952 356 1032 quae
376 923 532 1004 veniant
552 925 591 1003 in
605 924 802 1034 judicium
821 947 924 1022 tum,
945 925 1038 1008 cirin

72 1037 120 1118 de
134 1038 242 1127 ¹fado
256 1055 475 1142 quaeratur:
497 1033 587 1116 'sed
606 1057 737 1116 tamen
748 1035 964 1118 ¹criminum
983 1036 1039 1118 est
1090 1097 1097 1115 .

72 1145 309 1240 multitudo,
328 1173 408 1230 non
423 1145 688 1232 defensionum
703 1167 769 1230 aut
787 1149 965 1230 locorum
978 1148 1041 1230 in·'

75 1255 202 1338 finita.
289 1336 292 1347 ,
570 1325 577 1336 ,

128 1369 231 1468 Quae
250 1365 355 1462 verd,
386 1350 479 1446 cirin
507 1365 553 1446 de
582 1368 683 1448 facio
712 1396 792 1452 non
811 1365 1037 1480 ambigitur,
1059 1391 1183 1458 xxm

74 1499 315 1590 quaeruntur,
345 1475 487 1580 Qualia
505 1475 590 1571 sint,
609 1505 667 1570 ea,
699 1478 724 1556 fi
744 1507 791 1558 ex
810 1479 882 1560 reis
897 1507 1038 1564 nume·

75 1619 151 1684 rea,
164 1684 171 1694 ,
184 1610 223 1670 et
253 1585 549 1670 innumerabilia
573 1587 661 1667 sunt
679 1607 718 1668 et
736 1589 918 1687 obscura;
945 1591 1041 1674 stex

76 1701 206 1795 iciant,
235 1699 345 1786 valde
364 1718 404 1779 ct
423 1698 576 1780 modica
596 1718 634 1779 et
654 1696 829 1802 illustria,
886 1701 1041 1784 Namsr

77 1809 259 1894 Mancini
279 1808 447 1890 caussam
474 1809 514 1896 io
535 1838 615 1892 uno
634 1809 821 1892 Mancino
839 1812 1039 1920 ponimus,

76 1920 399 2042 quotiescumque
415 1921 459 2013 is,
471 1949 590 2030 quern
600 1942 873 2046 paterpatratus
888 1924 1042 2006 dedide-

77 2035 145 2131 rit,
157 2054 332 2146 reeeptus
348 2061 426 2114 non
441 2035 526 2127 erit,
541 2051 654 2114 totles
665 2029 788 2114 causs'a
799 2064 898 2120 nova
913 2033 1042 2118 nasce-

78 2165 163 2226 tur:
187 2145 241 2224 sin
258 2142 325 2236 illa
339 2143 589 2250 controversia
602 2141 768 2224 caufl‘am
780 2147 885 2242 facit,
899 2146 1043 2244 Videa-

77 2275 195 2353 turne
214 2255 265 2349 ei,
297 2283 416 2366 quem
433 2273 708 2362 paterpatratus
728 2253 929 2353 dediderit,
959 2257 987 2337 fi
1009 2258 1042 2338 is

78 2395 162 2464 non
182 2365 227 2445 fit
247 2384 437 2474 receptus,
459 2364 746 2473 postliminium
760 2365 855 2462 ess'e3
875 2366 976 2447 nihil
995 2367 1043 2448 ad
1159 2396 1166 2406 ’

80 2498 209 2560 artem
229 2475 400 2571 dicendi,
416 2503 487 2560 nec
507 2475 553 2554 'ad
574 2497 800 2584 argumenta
816 2476 1047 2558 defensionis

79 2587 265 2670 Mancini
285 2587 429 2668 nomen
448 2583 624 2694 pertinet.
670 2587 748 2690 Ac,
780 2585 920 2698 siquid
940 2587 1052 2669 affert'

80 2719 266 2810 praeterea
287 2696 459 2779 hominis
480 2715 545 2776 aut
560 2695 726 2806 dignitas
740 2715 807 2778 aut
825 2697 1050 2810 indignitas,
1106 2785 1110 2798 ,

81 2831 193 2910 eitra
211 2806 462 2918 quastionem
477 2805 554 2899 est3
582 2827 619 2888 et
634 2837 677 2889 ea
691 2826 823 2889 tamen
838 2816 850 2851 ³
865 2811 943 2917 ipsa
960 2839 1051 2894 ora·

83 2923 193 3020 tione
206 2920 253 3002 ad
264 2917 430 3016 universi
443 2919 591 3030 generis
604 2917 901 3028 disputationem
912 2924 1052 3007 refera-

984 3053 1049 3114 tur
1107 3092 1110 3103 ·

83 3143 173 3216 ocris,
187 3143 296 3204 consule
306 3163 330 3200 c.
340 3161 385 3219 30.
399 3155 466 3201 utet
476 3163 499 3202 c.
509 3163 555 3220 29.
586 3141 659 3202 certi
672 3142 768 3209 iterum
778 3159 859 3236 arque
872 3143 970 3206 iterum
983 3165 1050 3205 con·

85 3229 146 3302 ubi,
160 3231 225 3289 cirin
234 3229 269 3288 de
282 3229 407 3288 Mtc'ndo
414 3229 500 3288 sermo
508 3229 555 3300 est,
583 3229 734 3306 jicieudum
752 3231 802 3305 est)
822 3232 890 3291 libet
909 3233 946 3292 ob
959 3233 1052 3292 oculos

84 3315 302 3394 moniamque.»
311 3314 410 3374 docent
418 3313 447 3372 in
456 3315 556 3386 cauffis,
585 3314 691 3374 lerstorir
709 3335 821 3394 ponere,
832 3319 884 3396 fid
902 3313 983 3378 iernen
999 3322 1052 3376 m*-

85 3401 191 3464 Nosset
203 3401 321 3480 appellat
330 3399 556 3480 dyinsionisargrr-
586 3401 730 3477 minimest
752 3405 883 3463 multitudo
904 3404 1053 3483 etdq'rnfie·

87 3505 181 3560 menta,
202 3487 341 3566 additque,
363 3487 420 3563 ſsd,
442 3491 558 3566 quoniam
586 3507 653 3559 nunt,
677 3507 734 3547 non
756 3490 862 3548 Ιοωνωκ
881 3491 999 3569 infinita:
1017 3489 1053 3548 sc.

88 3577 136 3643 ida
153 3589 227 3656 pars,
250 3579 277 3632 ia
289 3575 342 3652 qud
356 3595 438 3630 rerum
451 3575 558 3655 ffmm
588 3591 645 3630 non
667 3571 704 3632 est
727 3572 835 3650 infinita
853 3573 1000 3634 multitudo
1012 3571 1053 3630 lo·

91 3663 273 3743 capitatione
294 3659 414 3720 defenfio
428 3659 560 3741 poftayi
588 3653 687 3720 coruni
705 3662 851 3722 eriminum
872 3677 900 3721 et
921 3658 1055 3722 defensio·

92 3768 147 3812 erc.
186 3749 271 3810 Unde
286 3748 388 3808 constat
410 3749 560 3828 defiifioaem
591 3767 673 3832 nurn3
695 3748 749 3808 fite
768 3752 901 3821 locorum,
927 3748 1000 3808 unde
1024 3747 1055 3808 in
1135 3784 1138 3792 ·

91 3837 208 3900 andem
221 3835 367 3914 effequarn
380 3837 561 3916 explicationem
590 3833 751 3894 criminibus
766 3831 1057 3894 etdefenfionibuasna
1113 3849 1122 3872 ¹

89 3949 184 3996 rm,
196 3923 423 3993 i.e.hocnonrine
431 3927 563 4005 appellata
592 3935 750 4001 argumenta
758 3935 874 3982 oratores
884 3917 1036 4000 proferunt.

91 4013 146 4074 ess'e
155 4009 250 4070 omnia
259 4029 321 4090 quae
330 4011 420 4069 orat'or
430 4011 497 4070 dicit
509 4012 562 4070 suae
633 4029 649 4086 3
662 4007 714 4088 r'pji
722 4005 844 4068 oratione
853 4007 893 4064 ad
901 4007 1058 4086 universi-

92 4098 190 4161 mutsae
203 4094 381 4156 defendenda
393 4097 489 4176 gratii,
510 4098 564 4157 sive
592 4095 728 4172 water]
747 4093 792 4152 lta
803 4093 867 4154 MS.
874 4094 957 4173 Joan.
966 4111 1058 4157 erret.

93 4187 215 4267 aliquem
228 4184 341 4256 accusat,
361 4182 494 4261 fiveejur,
513 4185 562 4264 qui
593 4182 653 4243 cad.
675 4180 739 4240 Car.
759 4181 907 4260 Stephani:
927 4199 1007 4242 vocer
1028 4203 1060 4240 ea

93 4259 245 4340 incidatur,
258 4283 386 4348 introntu
399 4268 445 4328 est.
471 4269 563 4328 Aliam
593 4267 796 4352 iffqiingularia
805 4267 919 4349 numeri,
929 4267 1060 4346 mtflsqoe
1141 4337 1144 4342 ,
1184 4297 1189 4310 ·

95 4351 564 4458 ῳηῇοεῖαιωυ(ιιιιιιίιιτςιᾳωίιι-
970 4353 1061 4434 pomi·
