2858 4746
225 407 318 498 242
550 379 1054 474 DnORnron'u

341 519 574 629 argutissima
587 539 794 629 putantum
814 518 875 600 sed
891 549 970 600 non
982 519 1128 624 semper
1141 518 1182 598 iu
1195 517 1315 626 joco,

342 629 436 736 saepe
455 631 574 710 etiam
593 632 633 710 in
653 631 837 738 gravitate
857 631 1060 710 versantur.
1115 629 1316 708 Africano

342 740 413 821 illo
428 742 578 849 majori,
597 769 781 822 coronam
796 741 862 820 fibi
878 740 918 820 in
933 739 1111 821 convivio
1123 739 1170 818 ad
1187 756 1315 844 caput

343 853 668 945 accommodanti,
700 851 791 933 cbm
817 881 860 932 ea
890 853 1020 958 saepius
1046 869 1312 956 rumperetur,

343 961 387 1042 Ρ.
403 962 583 1042 Licinius
599 963 737 1055 Varus,
756 963 828 1042 noli
844 963 989 1056 mirari,
1021 961 1160 1069 inquit,
1179 961 1220 1066 st
1234 987 1313 1038 non

343 1075 552 1167 conveniam
574 1079 581 1106 ¹
605 1091 712 1184 caput
730 1074 819 1153 enim
838 1102 1004 1180 magnum
1025 1075 1067 1179 est
1079 1101 1090 1150 .·
1111 1069 1315 1150 laudabile

345 1203 384 1260 et
400 1181 627 1265 honestum:
656 1205 694 1263 at
719 1213 766 1264 ex
785 1185 921 1263 eodem
940 1211 1077 1291 genere
1098 1181 1164 1274 est,
1185 1180 1313 1258 Ἔα]-

345 1323 424 1385 vus,
441 1293 539 1404 satis
557 1296 611 1402 est,
640 1294 735 1407 quid
762 1295 850 1374 dicit
865 1311 1010 1406 parum.
1068 1291 1131 1372 Ne
1151 1293 1309 1372 multa:

343 1405 502 1484 nullum
530 1435 651 1514 genus
670 1405 724 1484 est
746 1405 841 1514 joci,
872 1433 951 1514 quo
981 1431 1060 1484 non
1088 1431 1134 1482 ex
1163 1401 1310 1481 eodem

344 1515 469 1594 severa
488 1537 526 1595 et
544 1517 673 1624 gravia
693 1514 899 1596 sumantur.
938 1515 1069 1623 Atque
1090 1513 1163 1592 hoc
1182 1511 1309 1590 etiam

344 1626 740 1720 animadvertendum,
753 1655 830 1705 non
846 1625 917 1705 effe
925 1626 1062 1705 omnia
1074 1623 1232 1714 ridicula
1244 1621 1311 1700 fa-

309 1779 314 1792 ·
340 1758 443 1815 ceta:
473 1737 567 1844 quid
599 1738 704 1816 enirn
733 1735 856 1842 potest
876 1735 948 1815 effe
972 1755 1055 1814 tam
1075 1733 1305 1828 ridiculum,

341 1847 459 1952 qu‘arn
479 1845 621 1926 Sannio
640 1847 718 1924 est?
748 1846 809 1924 sed
837 1873 914 1939 ore,
943 1848 1070 1938 vultu,
1103 1843 1305 1924 imitandis
1418 1841 1419 1846 ’

342 1954 527 2046 moribus,
547 1985 653 2048 voce,
673 1957 836 2064 denique
856 1955 936 2061 ipso
955 1983 1111 2063 corpore
1127 1954 1267 2032 ridetur
1289 1979 1304 2032 ι
1418 1959 1419 2016 i

341 2063 480 2144 salsum
500 2065 604 2145 hunc
633 2065 783 2172 pofl'um
803 2066 941 2160 dicere,
973 2072 985 2106 ³
1005 2087 1118 2176 atque
1147 2065 1199 2145 ita
1217 2091 1305 2142 uon

343 2195 387 2254 ut
406 2176 590 2285 ejusmodi
609 2199 801 2258 oratorem
820 2175 893 2256 effe
912 2177 1047 2270 velim,
1078 2175 1142 2256 sed
1159 2193 1202 2256 ut
1222 2173 1304 2253 mi·

173 2373 177 2382 „
341 2313 465 2364 mum.
542 2303 597 2340 ⁰·

206 2396 207 2402 ’
224 2409 317 2469 LXII.
398 2397 527 2494 Quare
538 2411 555 2459 4
566 2399 738 2506 primum
749 2427 870 2507 genus
886 2399 973 2492 hoc,
985 2398 1090 2506 quod
1103 2397 1220 2478 risum
1234 2395 1303 2475 vel

340 2507 508 2588 maximi:
528 2531 672 2606 movet,
699 2539 777 2588 non
796 2509 851 2588 est
870 2507 1059 2602 nostrum,
1083 2505 1300 2600 morosum,

1172 2617 1303 2724 super-

226 2735 230 2746 '
339 2744 444 2820 quoties
458 2747 526 2804 mihi
544 2747 670 2816 occurris,
694 2769 750 2806 non
764 2747 804 2805 vi·
833 2767 899 2808 num
912 2745 960 2806 fibi
973 2745 1040 2814 dari,
1060 2746 1143 2824 quim
1156 2745 1277 2804 stultum.

339 2828 410 2888 deris
424 2836 561 2901 convenire,
578 2833 621 2889 sed
634 2833 804 2890 insidiasnri·
873 2856 888 2909 3
917 2851 990 2912 atque
1020 2834 1073 2907 ita]
1107 2831 1198 2904 Fortd,
1224 2834 1303 2909 arqui

233 2922 238 2944 ³
339 2910 369 2969 hi
383 2934 484 2992 parare,
504 2931 531 2974 et
550 2918 612 2976 maii
632 2917 736 2996 aliquid
760 2918 802 2978 in·
832 2924 879 2978 ita.

339 2996 408 3058 ferre
421 3003 499 3063 velle.
755 3011 765 3030 '
870 3027 889 3080 4
908 3013 1020 3084 primum
1036 3025 1115 3082 gertus
1140 3004 1195 3074 hoc,
1228 3003 1299 3077 eto]

381 3108 391 3143 r
422 3103 497 3166 caput
514 3094 578 3146 enim
599 3113 715 3168 magnum
736 3089 800 3166 ῃῖι]
830 3092 953 3165 Qatuor
964 3089 1008 3150 bic
1018 3105 1220 3159 enumerantur,
1234 3109 1300 3168 quae
1416 3121 1417 3128 κ

338 3171 509 3250 Ambiguum
523 3176 577 3242 est;
595 3175 802 3253 namsrgnifica-
830 3175 910 3233 risum
924 3191 1044 3246 movent,
1062 3174 1105 3232 sed
1118 3174 1217 3234 oratori
1240 3193 1299 3231 non
1416 3245 1417 3248 Ἴ

338 3270 414 3316 catur
434 3275 461 3316 et
481 3261 639 3338 magnitudo
659 3262 803 3342 partinet
829 3263 1021 3322 conceduntur.
1066 3262 1189 3320 Primum
1210 3281 1300 3341 genus
1416 3255 1417 3274 ¹

336 3345 487 3422 amplitudo
495 3347 624 3405 hominis.
644 3351 800 3408 Turnebus.
830 3365 857 3406 et
878 3349 1023 3407 secundum
1057 3347 1217 3426 Interpreter
1241 3347 1301 3407 fere

379 3432 523 3503 aCabvus,
543 3434 611 3508 strn‘s
630 3433 688 3510 rst,]
720 3435 803 3492 lntel-
830 3433 1116 3503 omnesconfundunt3
1132 3435 1175 3493 sed
1185 3432 1299 3510 hujusce

339 3515 394 3593 lige
425 3516 478 3576 hoc
503 3519 537 3576 de
563 3517 649 3576 Calvo
673 3519 802 3598 quodam,
831 3520 883 3580 loci
903 3521 985 3579 rerba
1011 3522 1047 3579 tic
1067 3521 1130 3579 licet
1152 3520 1299 3598 explicare.

339 3603 411 3659 malo
426 3619 540 3676 oratore,
560 3603 681 3662 dicium:
707 3606 803 3664 Sensus
830 3605 1299 3686 PrimdiiuquitCaesar),nonlicet

339 3687 386 3758 est,
407 3687 638 3766 srpluradiceret,
653 3689 743 3750 minus
756 3692 803 3749 be·
831 3691 909 3750 uobis
935 3707 1028 3750 natum
1053 3691 1090 3749 est
1114 3693 1232 3764 morosis,
1253 3691 1297 3750 su-

340 3790 376 3828 ne
398 3771 513 3844 dicerem
542 3774 600 3851 jam
622 3775 699 3847 istud,
729 3777 804 3854 quod
830 3776 992 3856 perstitiosrs,
1013 3778 1132 3856 gioriofie
1155 3795 1207 3838 etc.
1236 3779 1297 3838 brec

339 3857 420 3929 dixit,
449 3860 510 3918 satir
541 3862 588 3934 est,
621 3861 687 3942 quia
708 3883 804 3942 parum
830 3865 904 3922 enim
926 3863 1010 3923 animi
1028 3862 1096 3922 vitia
1116 3865 1246 3937 efficiunt,
1266 3881 1302 3924 ur
1415 3857 1416 3860 ¹

343 3941 411 4012 (seu
443 3946 535 4020 paucis
565 3949 674 4023 verbis)
725 3947 803 4008 dixit.
829 3969 984 4010 omrornon
992 3949 1083 4021 risum,
1096 3971 1180 4029 quem
1189 3953 1297 4031 quaerit,

342 4023 417 4083 Vide
435 4025 510 4124 ilium
533 4029 616 4090 Siculi
630 4033 723 4110 jocum
737 4034 766 4092 in
780 4057 805 4095 c.
830 4053 946 4108 moveat,
969 4037 1013 4096 sed
1037 4051 1067 4096 ut
1090 4037 1148 4115 ipse
1169 4036 1298 4098 ridendus

343 4111 391 4189 69.
411 4129 460 4194 qur
474 4115 568 4175 maluit
589 4121 694 4180 nullum
714 4137 804 4199 patro·
830 4123 879 4184 su:
899 4143 955 4185 non
974 4124 1011 4183 sal
1032 4123 1189 4201 hujusmodi
1207 4143 1297 4186 orato·

1247 4211 1298 4291 ris,
