2864 4732
222 375 322 494 n4

550 365 650 466 De
703 369 1079 462 Onnwone

343 511 465 596 tentia
489 507 688 626 (freuuens
706 515 814 595 enim
832 532 871 593 te
890 511 1034 608 audivi,
1066 529 1179 620 atque
1194 505 1311 624 affut)

341 626 468 710 multo
482 627 667 736 majorem
680 647 829 732 partem
841 622 1117 704 sententiarum
1132 619 1205 701 sale
1219 638 1307 714 tuo,

341 755 381 818 et
395 739 581 844 lepore,et
595 735 826 844 politiflimis
839 734 984 815 facetiis
997 729 1201 842 pellexisti,
1211 729 1309 812 clim

340 867 379 927 et
398 846 498 927 illud
513 839 687 928 nimium
705 875 870 927 acumen
890 844 1086 938 illuderes,
1116 863 1155 924 et
1174 842 1307 923 admi-

341 986 463 1040 rarere
490 957 694 1066 ingenium
719 957 915 1051 Scaevolae,
945 955 1014 1066 qui
1042 951 1305 1064 excogitaffet,

342 1065 459 1152 Nasci
477 1067 584 1176 prius
601 1089 789 1175 oportere,
818 1067 938 1178 quim
956 1066 1104 1147 emori:
1134 1061 1307 1176 cumque

341 1181 467 1262 multa
485 1180 686 1287 colligeres
704 1199 805 1259 etex
823 1177 989 1287 legibus,
1011 1197 1049 1256 et
1066 1205 1114 1256 ex
1133 1175 1304 1256 senatusss

316 1289 542 1388 „consultio
576 1310 616 1368 et
643 1317 690 1378 ex
718 1288 798 1369 vita
825 1317 869 1368 ac
898 1287 1070 1368 sermone
1097 1285 1305 1368 communi

341 1429 422 1482 non
437 1399 555 1483 model
573 1400 695 1494 acute,
714 1399 776 1480 scd
790 1399 910 1480 etiam
924 1399 1083 1478 ridicule
1098 1427 1140 1478 ac
1156 1397 1275 1478 facete
1292 1431 1304 1492 ;

214 1521 221 1540 “
340 1512 409 1612 ubi
423 1513 450 1590 sr
466 1513 591 1604 verba,
621 1541 699 1592 non
715 1539 797 1590 rem
812 1509 1066 1620 sequeremur,
1085 1505 1225 1588 confici
1246 1509 1304 1591 nil

341 1621 475 1730 pollet.
505 1623 640 1730 ltaque
658 1619 1039 1727 hilaritatis-plenum
1050 1619 1246 1728 judicium
1258 1647 1304 1700 ac

344 1732 489 1812 laetitiae
503 1733 597 1812 fuit:
630 1729 764 1854 inquo
781 1729 876 1840 quid
894 1729 965 1810 tibi
977 1731 1076 1839 juris
1091 1728 1216 1809 civilis
1236 1759 1304 1810 ex·

227 1851 230 1858 '
343 1842 518 1940 ercitatio
536 1843 738 1948 profuerit,
760 1870 839 1922 non
858 1840 1057 1950 intellig03
1078 1839 1229 1922 dicendi
1244 1841 1306 1922 vis

343 1951 497 2060 egregia
526 1949 678 2031 summa
701 1949 906 2031 festivitate
927 1971 966 2030 et
985 1949 1181 2032 venustate
1208 1981 1305 2032 con-

335 2062 474 2170 juncla
490 2061 648 2170 profuit.
689 2061 771 2168 lpse
790 2061 856 2142 ille
872 2061 1024 2144 Mutius
1043 2063 1190 2170 paterni
1202 2063 1305 2174 juris
1415 2085 1416 2156 ζ

343 2171 529 2266 defensor,
543 2191 582 2252 et
594 2173 697 2283 quafi
713 2172 936 2280 patrimonii
949 2193 1211 2282 propugnator
1225 2173 1301 2266 sui,

341 2282 436 2392 quid
453 2281 495 2364 in
510 2284 578 2363 illa
591 2281 730 2377 cauffo,
751 2283 843 2364 cum
862 2303 994 2364 contra
1014 2305 1051 2364 te
1066 2285 1220 2377 diceret,
1239 2304 1303 2364 at-

342 2394 449 2498 tulit,
477 2393 583 2506 quod
599 2395 646 2473 de
657 2397 745 2504 jure
764 2393 870 2474 civili
889 2395 1136 2501 depromtum
1154 2393 1304 2474 videre-

333 2505 424 2588 tur?
442 2533 562 2616 quam
578 2505 706 2614 legem
727 2503 917 2584 recitavit?
936 2503 1031 2614 quid
1050 2503 1227 2612 patefecit
1241 2507 1303 2586 di·

333 2616 479 2710 condo,
489 2615 595 2724 quod
609 2613 735 2694 fuiffet
747 2613 934 2723 imperitis
946 2595 1304 2696 occultiusl'nem·
1414 2659 1415 2662 ¹

248 2738 250 2746 '
336 2753 391 2830 .pe
402 2726 482 2832 ejus
492 2723 623 2803 omnis
634 2725 755 2806 oratio
767 2724 909 2804 versata
922 2723 977 2804 est
991 2725 1032 2805 in
1047 2754 1106 2819 eo,
1125 2746 1169 2805 ut
1184 2727 1301 2834 scrip-

341 2853 429 2912 tum
443 2833 660 2940 plurimum
671 2837 795 2915 valere
809 2823 982 2944 oportere
997 2833 1225 2923 defenderet⁰¹
1245 2839 1304 2920 At

342 2943 384 3022 in
403 2943 479 3024 hoc
497 2971 637 3052 genere
654 2945 762 3052 pueri
781 2945 883 3053 apud
902 2943 1103 3056 magistros
1117 2975 1302 3028 exercen-

342 3073 583 3149 turonium,
632 3055 725 3136 cum
767 3055 809 3138 in
835 3055 1020 3165 ejusmodi
1049 3057 1180 3136 caullis
1208 3059 1302 3142 aliis
1413 3059 1414 3078 ³

342 3161 642 3274 seriptum‚aliis
652 3167 875 3276 aequitatem
889 3167 1090 3248 defendere
1102 3169 1301 3253 docentur.

326 3275 408 3369 Et,
427 3277 556 3369 credo,
577 3277 617 3359 in
636 3277 703 3357 illa
719 3277 855 3366 militis
875 3277 1014 3372 caull'a,
1028 3277 1062 3356 ·s1
1081 3299 1124 3358 tu
1144 3301 1209 3360 aut
1229 3279 1301 3362 he-

327 3385 471 3466 redem
482 3407 548 3466 aut
562 3388 731 3468 militem
745 3387 984 3484 defendilles,
998 3389 1046 3468 ad
1060 3388 1301 3474 Hostilianas

1259 3523 1300 3583 te

338 3624 368 3681 lis
387 3627 530 3681 exercitatio
547 3621 678 3705 profuerit,
698 3648 745 3684 non
764 3629 804 3684 ln·
833 3623 959 3684 arbitratu
978 3625 1076 3684 statuit
1115 3623 1193 3688 Hinc
1206 3627 1300 3704 Qtiu·
1412 3659 1413 3698 ;

338 3712 427 3788 religo.
832 3710 969 3788 6111113.
990 3728 1122 3770 memorat
1133 3711 1299 3776 Ciceronem
1412 3725 1413 3760 ὲ

378 3793 525 3872 omagfiri
536 3797 658 3870 carmine]
680 3793 804 3874 Magsser
832 3797 866 3857 de
881 3798 991 3858 Pletorii
1006 3817 1089 3860 matre
1101 3799 1205 3884 ¹elicisse,
1225 3823 1299 3875 eam,

340 3878 358 3937 ri
382 3881 514 3940 Romanis
536 3883 674 3942 dicebatur
694 3883 727 3956 is,
754 3883 802 3966 qul
830 3887 889 3944 dum
910 3889 1020 3962 vr'xr'fflt,
1039 3887 1140 3956 ludum
1166 3885 1300 3970 postqum

339 3966 412 4026 bum
432 3965 479 4022 sub
501 3967 575 4025 hesta
595 3967 727 4040 vendidit,
753 3969 802 4049 qui
830 3963 1002 4048 morma‘cfflt,
1026 3973 1154 4052 magssror
1168 3973 1299 4054 habug'fflg

336 4049 445 4128 praefuit
454 4049 719 4134 arelionienquami
727 4075 801 4136 que·
831 4059 865 4117 sc.
887 4057 946 4138 post
959 4073 1073 4120 mortem
1085 4059 1142 4140 ejus
1156 4061 1229 4120 bona
1241 4085 1297 4128 νε-

334 4137 744 4230 queresraeniredebuerit,ipse
755 4144 801 4203 luo
828 4143 904 4206 uisse.
917 4143 1299 4212 carmarnofuitsolemnis
1411 4199 1412 4226 1

1166 4239 1297 4318 quedam
1411 4251 1412 4254 ’
