2858 4746
290 509 293 518 ,
364 410 597 534 Lrpaa
641 409 702 505 Π.
756 411 833 504 18.
1095 441 1191 537 159

101 557 220 660 plena
239 552 400 648 doloris,
421 561 436 596 ⁴
447 555 562 660 plena
579 551 761 634 veritatis.
792 553 839 634 ln
858 553 920 634 his
938 553 1068 665 operi-

102 666 176 743 bus
197 664 225 742 sr
244 663 331 772 quis
350 663 462 743 illam
490 685 613 744 artem
632 664 985 772 comprehenderit·
1006 689 1067 768 ut,
1147 757 1152 766 ,
1181 673 1185 682 ’

102 795 310 884 tamquam
329 773 503 870 Phidias,
535 775 725 855 Minervae
747 775 901 884 signum
918 777 1069 861 efficere
1147 784 1148 787 ’

98 885 237 992 poffit3
266 913 346 964 non
365 883 463 981 saud,
490 893 500 926 ⁵
519 888 852 995 quemadmodum
870 886 912 966 in
931 890 1069 997 clypeo
1194 923 1196 928 ·

100 997 212 1076 idem
230 997 299 1077 ille
317 995 453 1076 artifex
472 995 623 1078 minora
640 997 709 1078 illa
719 1025 833 1106 opera
851 997 975 1079 facere
994 999 1069 1082 dis-

101 1127 178 1200 cat,
208 1107 407 1188 laborabit.
1154 1191 1156 1200 ,

160 1217 275 1298 Tum
290 1217 470 1312 Catulus,
488 1219 580 1317 Quo
598 1219 670 1297 ista
683 1221 827 1328 majora
845 1248 889 1300 ac
908 1215 1064 1304 mirabi-
1092 1227 1151 1286 XV
1150 1226 1206 1289 111.

100 1327 200 1410 liora
230 1325 369 1422 fecisti,
401 1330 446 1412 ed
467 1355 530 1406 me
550 1329 916 1436 major'exspestatio
942 1353 1062 1431 tenet,

100 1435 337 1549 quibusnam
349 1437 797 1548 ratiorribu8‚quibusque
807 1442 1008 1550 praeceptis
1020 1473 1065 1526 ea

99 1569 211 1630 tanta
228 1549 287 1628 vis
306 1569 570 1657 comparetur;
598 1577 678 1627 non
697 1577 776 1658 quo
794 1577 881 1628 mea
906 1547 1065 1661 quidem

93 1661 184 1771 jam
200 1659 342 1739 interfit
369 1661 511 1772 (neque
531 1658 637 1742 enirn
653 1678 742 1739 aetas
760 1659 800 1740 id
819 1688 906 1740 mea
925 1663 1064 1751 defide-
1171 1727 1173 1734 .

97 1790 177 1865 rat,
209 1789 248 1850 et
273 1769 588 1883 aliudquoddam
607 1765 729 1879 genus
749 1771 901 1852 dicendi
919 1801 990 1853 nos
1009 1774 1064 1856 se-

98 1881 184 1962 cuti
203 1879 350 1978 samua,
365 1883 435 1992 qui
454 1909 671 1991 numquam
691 1881 893 1962 sententias
913 1883 959 1964 de
978 1915 1062 1968 ma·
1108 1896 1111 1905 '

95 1992 1062 2103 nibusjudicumviquadamorationisextorfimus,

97 2132 145 2184 ac
157 2100 286 2212 potiris
300 2102 458 2211 placatis
469 2132 605 2184 eorum
617 2103 1059 2218 animistantum,quan-

97 2235 189 2296 turn
207 2213 276 2324 ipsr
294 2216 546 2322 patiebantur,
563 2213 797 2327 accepimus)
808 2247 820 2308 3
847 2216 910 2296 sed
929 2236 1061 2298 tamen

96 2325 171 2408 ista
186 2347 264 2420 tua,
280 2327 437 2406 nullum
452 2325 499 2405 ad
513 2322 625 2405 usum
639 2352 786 2420 meum,
798 2325 953 2408 tantum
967 2357 1060 2437 cog-

96 2437 280 2518 noscendi
300 2437 426 2517 studio
445 2435 811 2546 addudusrequiro
853 2435 940 2516 Nec
959 2437 1059 2519 mihi
1113 2463 1114 2472 ¹
1159 2520 1161 2526 ,

95 2577 197 2656 opus
211 2547 266 2627 est
281 2548 423 2628 Graeco
438 2547 569 2659 aliquo
583 2546 749 2640 dottore,
768 2545 835 2657 qui
851 2545 951 2626 mihi
969 2577 1075 2656 per-·

96 2660 257 2768 vulgata
267 2657 743 2766 praeceptadecantet,cdm
752 2657 828 2764 ipse
839 2687 1057 2770 numquam

97 2770 246 2864 forum,
256 2798 474 2879 numquam
484 2771 613 2848 ullum
621 2765 814 2878 judicium
827 2765 1055 2876 adspexerit}

96 2900 143 2960 ut
162 2879 436 2988 Peripateticus
465 2879 532 2960 ille
560 2879 701 2959 dicitur
720 2878 932 2988 Phormio:
965 2882 1057 2962 edm

96 2991 298 3072 Hannibal
317 2991 554 3100 Carthagine
583 2987 759 3096 expulsus
778 2989 984 3097 Ephesram
1008 2993 1056 3071 ad

96 3101 346 3183 Antiochum
372 3101 529 3182 veniss'et
547 3099 673 3194 exsul;
701 3128 845 3208 proque
864 3129 923 3197 eo,
952 3101 1065 3211 qudd'

977 3241 1057 3322 ejus

95 3406 247 3478 Antonius,
276 3406 415 3466 nerninem
448 3401 561 3483 sculpto·
592 3401 711 3460 Indodis
733 3403 847 3462 librariis
871 3423 949 3462 voces
975 3420 1004 3462 ut
1028 3419 1056 3462 et

96 3511 154 3550 rern
176 3491 360 3552 laboraturum
381 3491 442 3562 effe,
467 3511 562 3570 quem·
590 3492 789 3572 quemadmodum
815 3492 892 3558 idem,
906 3490 1056 3570 fignificare

96 3579 245 3638 admodum
257 3579 370 3636 Phidias
382 3577 465 3636 discat
475 3575 563 3638 facere
593 3575 700 3636 forsttan
708 3577 877 3637 videbantur.
896 3577 1055 3635 Nuncverd
1118 3595 1122 3600 ·

96 3664 143 3724 illa
155 3683 239 3745 opera
255 3664 380 3724 minora?
407 3665 562 3726 Nihil'mi-
590 3662 865 3742 posterior‘sententia
884 3661 969 3740 priori
985 3661 1057 3722 bene

97 3754 167 3812 nus:
189 3751 233 3811 sed
255 3753 483 3830 quemadmodum
503 3753 563 3833 Ipse
592 3749 748 3829 respondet:
775 3751 862 3808 sensus
887 3764 975 3806 autern
1000 3748 1054 3808 est:

95 3838 189 3898 discat.
240 3837 448 3898 Emendandum
483 3840 566 3919 igitur
590 3839 620 3898 Si
644 3839 707 3918 quie
729 3839 805 3918 poffit
821 3837 925 3898 efficere
948 3837 1055 3918 signum

95 3925 187 3984 locutu
202 3926 255 3984 hoc
268 3925 350 3983 modo
360 3927 464 3985 censeo.
504 3927 563 3984 Non
593 3925 736 3997 Minervae,
767 3941 797 3982 ut
821 3923 909 3982 edicit
934 3924 1054 4000 Phidias,

84 4013 160 4089 san),
182 4011 393 4091 ⁸quenadmodum
423 4017 449 4068 in
478 4013 562 4092 chpeo,
593 4011 671 4072 facil&
684 4011 766 4070 discet
776 4011 885 4068 minora
900 4009 945 4068 illa
962 4032 1054 4090 opera,

95 4113 125 4156 ut
144 4099 210 4156 idem
222 4099 264 4154 ille
280 4098 383 4174 cafix,
402 4104 500 4154 mitiora
518 4101 564 4156 illa
591 4117 652 4177 quie
663 4098 692 4155 in
705 4100 801 4177 clypeo
810 4115 894 4172 eram,
913 4095 1009 4170 facere,
1025 4113 1054 4157 ut

94 4197 168 4264 opera
189 4183 280 4260 facere
310 4185 398 4260 <dr-'liuh
431 4183 563 4245 laborabit.
590 4183 662 4242 idem
670 4183 780 4244 Phidias
793 4183 867 4250 fecit.

807 4309 809 4317 ,
849 4303 857 4317 ·
958 4269 1059 4350 oqutd
