2870 4728
320 399 359 491 L
387 432 402 490 1
430 433 453 490 u
481 427 559 490 nn
612 399 648 490 Ι.
706 427 783 521 29.
1089 399 1150 494 61

84 539 199 618 hunc
227 537 292 648 (ut
308 537 544 644 Apollonius
556 537 736 651 jubebat)
764 537 891 633 adid,
921 537 1028 650 quod

87 651 218 730 facere
239 649 365 756 poffit,
385 649 679 730 detrudendum
697 669 805 756 put0.

148 759 265 840 Num
284 779 327 838 tu
351 759 483 868 igitur,
502 760 630 870 inquit
649 761 854 868 Sulpitius‚
878 773 941 840 me
961 783 1028 843 aut
1042 767 1149 828 xxlx„
1272 789 1275 794 ·

87 871 200 952 hunc
215 871 378 952 Cottam
392 873 457 981 jus
477 871 607 965 civile,
630 891 696 951 aut
715 899 799 951 rem
814 871 1026 954 militarem

87 983 201 1086 jubes
216 981 375 1062 discere?
396 1011 489 1062 narn
500 982 587 1092 quis
598 983 646 1062 ad
660 982 730 1062 ista
746 981 897 1064 summa
912 1003 1027 1096 atque

89 1093 133 1172 in
154 1092 266 1172 omni
285 1121 424 1202 genere
458 1094 624 1202 perfeeto
653 1093 776 1200 potest
806 1094 1027 1200 pervenire?

89 1205 207 1284 Turn
220 1203 310 1296 ille,
333 1203 423 1312 Ego
442 1204 544 1299 verd,
565 1197 706 1315 inquit,
725 1205 829 1316 qudd
849 1203 890 1286 in
918 1207 1028 1287 vobis

88 1315 547 1425 egregiamquandamac
559 1317 782 1423 praeclaram
794 1315 968 1397 indolem
981 1319 1028 1398 ad

88 1426 304 1506 dicendum
320 1423 392 1504 esse
407 1425 589 1533 cognovi,
612 1423 756 1506 idcirco
774 1431 857 1507 haec
871 1428 1027 1535 exposui
1122 1528 1123 1532 Ἰ

86 1537 250 1631 omnia;
280 1563 350 1614 nec
371 1535 495 1644 magis
521 1537 569 1615 ad
588 1561 653 1615 eos
673 1536 931 1632 deterrendos,
959 1539 1027 1649 qui

91 1677 176 1727 non
198 1645 358 1754 possent,
377 1647 496 1756 quim
508 1648 555 1726 ad
571 1675 654 1741 voe,
672 1645 739 1756 qui
759 1643 927 1754 pofl'etiS,
941 1677 1030 1728 exa-

89 1759 264 1839 cuendos
277 1758 568 1838 accommodavi
581 1757 797 1842 orationem
813 1785 954 1838 meam.
975 1759 1028 1838 Et

88 1897 332 1980 quamquam
362 1869 403 1948 in
433 1889 599 1978 utroque
625 1867 795 1951 vestrum
826 1868 1027 1950 summum

88 1979 168 2060 ess'e
186 1979 391 2089 ingenium
406 1978 654 2090 studiumque
669 1981 837 2088 perspexi
853 2013 864 2074 ;
896 2000 1026 2062 tamen
1155 2048 1158 2058 Α

89 2092 191 2185 haec,
221 2091 414 2202 quaesunt
434 2090 475 2170 in
504 2091 626 2197 specie
646 2083 783 2197 posrta,
811 2093 858 2169 de
886 2092 1026 2203 quibus

89 2205 206 2310 plura
216 2199 368 2284 fortafl'e
382 2201 605 2312 dixi,qudm
616 2199 874 2282 solentGraeci
890 2204 1027 2299 dicere,

90 2315 133 2394 in
148 2331 203 2408 te,
217 2313 376 2421 Sulpiti,
391 2311 521 2392 divina
536 2313 634 2394 sunt.
672 2313 763 2420 Ego
777 2315 885 2392 enim
897 2315 1025 2393 nemi·-

91 2451 188 2504 nem
208 2451 280 2504 nee
299 2442 411 2503 motu
436 2423 617 2530 corporis,
647 2451 772 2530 neque
792 2424 871 2529 ipso
891 2425 1027 2503 habitu

91 2555 209 2646 atque
229 2535 356 2615 forma
374 2533 577 2642 aptiorem,
606 2561 677 2612 nee
697 2561 791 2632 voce
812 2535 1027 2640 pleniorem

90 2665 161 2726 aut
175 2645 390 2726 suaviorem
405 2645 506 2724 mihi
518 2646 649 2724 videor
664 2644 827 2741 audiffe3
842 2675 930 2756 quae
943 2647 1029 2756 qui*

89 2757 164 2838 bus
186 2756 209 2837 ai
229 2775 366 2836 natura
381 2757 534 2835 minora
552 2758 639 2835 data
658 2755 757 2848 sunt,
778 2776 908 2836 tamen
928 2759 1027 2836 illud

89 2863 235 2978 assequi
251 2866 416 2974 possunt,
436 2886 481 2945 ut
496 2866 555 2962 iis,
576 2897 664 2977 quae
683 2865 860 2962 habeant,
874 2869 1026 2949 modic&
1059 2883 1064 2892 '

88 2999 129 3058 et
161 2977 323 3058 scienter
340 2995 514 3072 utantur,
551 2995 588 3058 et
613 2997 658 3056 ut
682 3006 736 3056 ne
751 2979 954 3060 dedeceat:
987 2979 1026 3058 id

90 3087 202 3170 enim
221 3087 277 3168 est
293 3087 463 3169 maxime
484 3088 699 3182 vitandum,
728 3107 766 3167 et
786 3091 831 3168 de
852 3090 926 3169 hoc
946 3117 1026 3169 uno

91 3199 258 3281 minime
273 3197 329 3278 est
348 3199 461 3280 facile
480 3199 698 3307 praecipere,
718 3227 797 3280 non
813 3198 913 3279 mihi
939 3229 1024 3282 mo-

89 3313 157 3405 do,
178 3311 247 3421 qui
266 3310 361 3390 srcut
380 3311 509 3389 ⁶unus
527 3310 800 3418 paterfamilias
821 3309 881 3389 his
902 3311 947 3391 de
968 3341 1024 3390 re·

92 3425 164 3502 bus
175 3425 328 3532 loquor,
348 3419 547 3501 sedetiam
566 3422 633 3530 ipsr
653 3421 713 3501 illi
733 3421 885 3516 Roscio,
903 3451 1023 3534 quem

90 3533 188 3642 saepe
208 3533 325 3613 audio
344 3531 482 3627 dicere,
501 3531 630 3640 Caput
649 3531 721 3614 effe
742 3533 844 3626 artis,
872 3535 1019 3614 dicere:

88 3645 197 3755 quod
216 3665 350 3724 tamen
368 3671 495 3734 unum
515 3645 554 3723 id
573 3643 658 3738 efl'e,
687 3645 792 3754 quod
820 3645 917 3724 tradi
944 3655 1026 3724 arte

18 3779 34 3790 “
89 3783 172 3836 non
193 3755 316 3862 possit.
376 3754 464 3850 Sed,
495 3755 521 3833 sr
549 3755 684 3862 placet,
713 3755 930 3834 sermonem
949 3752 1026 3836 alid

88 3867 382 3959 transferamus,
396 3885 434 3944 et
450 3865 579 3948 nostro
589 3893 697 3947 more
710 3866 928 3978 aliquando,
944 3869 1025 3947 non

896 3979 1025 4058 rheto-

87 4117 161 4174 ralet
172 4137 236 4174 unrts
248 4116 444 4195 pauqur'lias,
467 4115 542 4195 quod
569 4117 688 4195 firmilias
704 4121 866 4198 arripuffitis
886 4140 919 4176 ex
943 4117 1029 4196 aliquo

87 4203 119 4266 iu
138 4223 165 4264 c·
185 4225 233 4281 34.
257 4225 420 4283 quemcunque
428 4218 542 4286 patrem·
579 4205 677 4263 circulo.

719 4288 728 4310 ⁶
890 4305 893 4312 ’
924 4296 1029 4366 *paruae
