2858 4746
165 515 167 520 Ι
267 397 360 490 n8

613 392 1116 490 DaOnnroun

385 565 474 649 quae
503 536 719 619 dubitatio?
746 559 888 649 quanta
916 529 1101 620 haesrtatio
1129 533 1343 650 tradusque

386 647 612 730 verborum?
634 647 690 729 Ut
704 669 746 728 tu
762 650 859 730 illud
875 648 999 745 initio,
1013 651 1117 760 quod
1131 651 1201 730 tibi
1218 677 1341 732 unum

386 762 433 843 ad
452 760 728 870 ignoscendum
739 759 918 841 homines
933 763 1086 856 dabunt,
1097 760 1341 857 tenuisti,Te

385 900 456 980 pro
467 869 628 950 homine
638 871 1343 980 pernecessarioquaestoretuo,dicerei

386 1011 507 1093 quam
527 981 598 1071 tibi
616 981 790 1088 primum
809 981 967 1062 munisti
987 984 1033 1062 ad
1051 1005 1087 1062 te
1107 983 1343 1062 audiendum

389 1095 509 1172 viam.
553 1093 822 1187 Ecce-autem,
844 1093 936 1174 cum
954 1112 992 1172 te
1012 1094 1112 1174 nihil
1131 1093 1238 1172 aliud
1259 1123 1342 1199 pro-

388 1202 514 1283 fecisse
534 1201 744 1297 arbitrarer,
765 1203 832 1281 nisr
851 1223 897 1281 ut
915 1201 1095 1284 homines
1114 1203 1199 1296 tibi,
1216 1204 1342 1284 civem

388 1313 611 1420 improbum
630 1313 864 1407 defendenti,
896 1315 1169 1421 ignoscendum
1189 1333 1343 1422 propter

383 1422 697 1504 neceffitudinem
717 1424 998 1518 arbitrarentur,
1028 1424 1170 1531 serpere
1191 1425 1341 1506 occulte

385 1533 550 1642 coepisti,
565 1533 763 1613 nihildum
779 1533 861 1614 aliis
876 1534 1159 1640 suspicantibus,
1172 1564 1239 1615 me
1253 1538 1342 1618 verd

378 1646 464 1755 jam
482 1643 785 1752 pertimescente,
807 1666 851 1724 ut
871 1646 980 1724 illam
999 1673 1078 1725 non
1091 1645 1269 1727 Norbani
1288 1649 1341 1728 se·

385 1755 587 1848 ditionem,
621 1763 634 1797 ⁹
654 1755 716 1833 sed
734 1755 868 1862 populi
889 1755 1056 1836 Romani
1085 1756 1339 1853 iracundiam,

384 1893 510 1973 neque
524 1893 611 1944 eam
630 1863 824 1972 injustam,
843 1865 905 1944 sed
920 1866 1098 1946 meritam
1114 1895 1156 1946 ac
1171 1869 1340 1948 debitam

384 1973 494 2056 fuisse
513 1974 744 2082 defenderes.
801 1973 965 2070 Deinde,
994 1977 1061 2086 qui
1091 1978 1199 2058 locus
1219 1981 1287 2060 abs
1305 2000 1349 2059 te·

384 2083 654 2192 praetermissus
674 2084 729 2164 est
757 2083 799 2164 in
818 2085 1073 2211 Caepionem?
1117 2087 1173 2168 Ut
1191 2109 1246 2169 tu
1277 2091 1340 2170 illa

384 2196 518 2276 omnia
535 2195 637 2290 odio,
668 2195 825 2291 invidia,
855 2197 1111 2279 mrsericordia
1130 2199 1338 2280 miscuisti?

383 2335 509 2416 neque
524 2305 606 2388 haec
626 2306 750 2388 solum
769 2306 811 2388 in
830 2307 1060 2405 desensrone,
1082 2309 1142 2390 sed
1161 2313 1282 2392 etiam
1301 2313 1339 2391 in

385 2419 526 2498 Scauro
544 2418 761 2528 caeterisque
781 2419 877 2498 meis
892 2418 1063 2513 testibus,
1091 2449 1261 2530 quorum
1281 2442 1339 2502 te-

384 2527 577 2624 stimonia,
596 2558 676 2610 non
695 2530 916 2623 refellendo,
935 2527 995 2610 sed
1012 2534 1059 2611 ad
1073 2533 1241 2611 eundem
1262 2534 1338 2612 im·

381 2657 517 2746 petum
536 2640 669 2748 populi
691 2641 964 2749 confugiendo,
996 2641 1182 2723 refutasti.
1243 2647 1339 2744 Quae

382 2749 474 2829 edm
505 2751 570 2828 abs
600 2771 637 2829 te
658 2750 775 2833 modd
793 2775 1200 2848 commemorarentur,
1229 2756 1338 2864 equi-

275 2911 284 2920 ·
382 2861 471 2938 dem
484 2862 592 2939 nulla
606 2879 794 2968 praecepta
808 2861 1082 2946 defiderabam:
1104 2865 1217 2944 istam
1230 2893 1337 2946 emm

252 2999 256 3025 ¹
382 2967 501 3078 ipsam
517 2971 883 3053 demonstrationem
900 2975 1164 3056 desensronum
1182 2997 1338 3057 tuarum

382 3083 504 3160 abste
525 3083 602 3188 ipso
630 3103 992 3179 commemoratam,
1022 3086 1238 3168 doctrinam
1267 3087 1339 3167 esse

378 3219 459 3271 uon
478 3194 712 3274 mediocrem
742 3215 845 3301 puto.
903 3195 1043 3306 Atqui,
1074 3197 1100 3276 si
1128 3199 1181 3278 ita
1200 3200 1338 3304 placet,

380 3301 509 3410 inquit
529 3304 742 3399 Antonius,
773 3307 1121 3412 tr·ademusetiam,
1151 3337 1239 3419 quae
1268 3337 1340 3389 nos

380 3412 486 3522 sequi
515 3412 556 3490 in
586 3415 761 3511 dicend0,
789 3445 950 3526 quaeque
979 3417 1147 3498 maxim&
1174 3418 1342 3528 spectare

259 3583 270 3599 ,
380 3521 567 3604 solemus:
615 3526 745 3605 docuit
773 3528 875 3607 enim
898 3529 982 3637 jam
1015 3544 1084 3609 nos
1115 3532 1230 3638 longa
1259 3530 1342 3610 vita

380 3634 541 3745 ususque
561 3629 688 3719 rerum
708 3636 979 3732 maximarum,
999 3661 1055 3732 ut,
1071 3641 1211 3750 quibus
1227 3642 1342 3722 rebus

380 3746 501 3827 animi
522 3745 731 3830 hominum
745 3769 1002 3844 moverentur,
1022 3770 1254 3831 terreremus.

1139 3863 1342 3970 Equidem

420 4064 438 4120 9
469 4047 574 4124 Vulgo,
595 4049 644 4119 sid
666 4048 739 4106 illam
757 4050 844 4128 populi
874 4048 955 4108 binus
975 4051 1132 4110 austoritate
1145 4054 1344 4112 nonnullorum

380 4131 492 4200 Romani
502 4137 659 4196 iracundam
669 4137 736 4212 eto]
758 4137 841 4196 Lam-
873 4135 1016 4202 Msterun
1039 4137 1110 4200 illan
1130 4135 1238 4211 delevit,
1264 4138 1344 4199 sensu

576 4229 583 4242 ·
1265 4225 1342 4287 certe
