2890 4752
248 380 351 504 130⁶

579 379 1105 474 DaOasroas

373 543 389 590 ⁹
402 545 468 608 aut
482 543 569 605 ante
584 525 624 604 in
641 521 720 631 ipso
735 523 843 604 cursu
859 525 1088 618 obruuntur,
1103 522 1226 634 qudm·
1237 539 1331 627 por*

374 656 461 717 tum
481 635 695 743 conspicere
713 649 934 741 potuerunt.
991 633 1113 730 Nam,
1143 631 1331 743 quamdiu

376 748 494 828 Craffi
523 747 598 828 fuit
615 745 837 825 ambitionis
866 747 993 824 labore
1021 745 1100 824 vita
1120 760 1131 793 ¹
1152 741 1333 834 dimitte,

307 873 310 881 '
373 857 694 966 ta'mdiulprivatis
707 857 829 965 magis
844 855 983 935 officiis
997 874 1036 933 et
1055 854 1202 964 ingenii
1219 851 1331 934 laude

375 969 522 1062 floruit,
534 969 650 1077 quim
666 968 790 1046 fructu
807 965 1072 1072 amplitudinis
1088 962 1333 1070 autlleipub⁴

377 1081 463 1160 licae
478 1079 682 1187 dignitate:
705 1077 771 1186 qui
788 1097 918 1156 autem
932 1078 967 1156 ei
987 1101 1108 1155 annus
1122 1076 1270 1184 primns
1281 1075 1330 1153 ab

377 1190 573 1270 honorum
590 1186 853 1296 perfunctione
865 1187 1025 1280 aditum,
1037 1187 1219 1266 omnium
1233 1205 1331 1265 eon·

369 1293 489 1394 'ceffu‚
509 1301 555 1380 ad
575 1299 765 1378 summam
782 1297 1046 1376 austeritatem
1061 1298 1184 1392 dabat,
1204 1296 1236 1376 is
1249 1299 1332 1406 ejus

375 1439 535 1490 omnem
549 1410 653 1517 spem
668 1429 780 1517 atque
791 1407 923 1487 omnia
935 1408 1024 1488 'vitae
1035 1407 1190 1487 consilia
1205 1427 1332 1487 morte
1434 1477 1435 1506 ,

376 1522 574 1628 pervertit.¹
600 1519 692 1598 Fuit
711 1519 785 1599 hoc
806 1517 1022 1616 lueluosum
1042 1517 1130 1611 suis,
1150 1519 1331 1597 acerbum
1434 1573 1435 1576 η

352 1633 518 1738 patriae,
547 1659 661 1739 grave
687 1629 796 1710 bonis
822 1630 1027 1710 omnibus:
1056 1625 1118 1708 sed
1145 1629 1174 1708 ii
1198 1647 1332 1726 tamen

377 1743 675 1848 Rempublicam
689 1739 793 1848 casus
813 1739 929 1818 secuti
949 1737 1048 1830 sunt,
1066 1757 1110 1817 ut
1130 1737 1230 1818 mihi
1250 1761 1331 1817 non

374 1871 504 1958 erepta
518 1851 568 1932 L.
581 1847 713 1928 Crallo
731 1849 752 1928 ὲ
767 1849 838 1927 diis
855 1849 1139 1928 immortalibus
1157 1849 1248 1942 vita,
1267 1845 1333 1928 sed

371 1965 515 2051 donata
529 1987 630 2039 mors
645 1958 912 2038 ell'evideatur.
943 1957 1035 2038 Non
1051 1959 1148 2038 vidit
1162 1959 1333 2068 flagran·
1434 2029 1435 2046 2

374 2091 457 2150 tem
472 2073 575 2150 bello
583 2069 751 2162 ltaliam,
772 2095 850 2147 non
863 2070 1058 2150 ardentem
1070 2068 1215 2150 invidia
1226 2067 1333 2150 senar·

375 2179 1333 2288 tum‚nonscelerisnefariiprincipescivitatisreos,

265 2333 271 2350 ι
376 2321 456 2374 non
476 2289 747 2384 luctumfiliae,
776 2317 855 2370 non
875 2291 1048 2394 enfiliu'm
1073 2290 1221 2399 generi,
1252 2317 1334 2371 non

377 2399 657 2484 acerbissimum
668 2401 715 2480 C.
729 2399 844 2480 Marii
865 2403 1014 2509 fugam,
1031 2427 1110 2481 non
1127 2401 1238 2481 illam
1249 2399 1336 2510 post

377 2514 545 2592 reditum
565 2515 644 2614 ejus
663 2512 1000 2591 caedemomnium
1019 2510 1334 2606 crudelillimam,

376 2649 457 2703 non
472 2622 636 2729 denique
652 2621 693 2698 in
704 2621 813 2701 omni
828 2649 965 2730 genere
980 2620 1236 2702 deformatam
1247 2649 1337 2703 eam

377 2732 590 2826 civitatem,
623 2731 664 2810 in
683 2759 759 2840 qua
785 2731 861 2837 ipse
879 2731 1142 2812 florentillima
1160 2731 1336 2814 multllm

375 2841 558 2924 omnibus
580 2841 702 2950 gloria
721 2839 956 2948 praestitisset.
1433 2859 1434 2864 '

324 2996 333 3014 ·
381 2969 386 2980 ·
433 2951 522 3044 Sed,
538 2977 725 3060 quomam
737 2951 850 3060 attigi
869 2950 1101 3060 cogitatione
1114 2953 1198 3036 vim
1209 2951 1335 3038 varie·
1433 2939 1434 3002 ³

376 3079 572 3170 tatemque
591 3063 770 3152 fortunae,
793 3089 872 3144 non
888 3063 1086 3172 vagabitur
1104 3064 1233 3145 oratio
1248 3093 1338 3146 mea
1433 3051 1434 3068 Ν

374 3169 541 3280 longilts,
554 3191 667 3282 atque
678 3173 732 3252 eis
747 3173 824 3252 fere
840 3170 924 3280 ipsas
937 3171 1139 3254 definietur
1153 3175 1335 3288 viris‚qui

372 3275 451 3364 hoc
470 3281 656 3398 sermone,
674 3310 794 3392 quem
811 3285 949 3366 referre
968 3285 1174 3391 coepimus,
1204 3279 1334 3380 eonti-

1180 3415 1338 3492 nentur,

377 3515 478 3576 idoneo
491 3531 621 3594 tempore,
641 3519 683 3576 vel
702 3537 758 3576 non
777 3517 844 3596 legi·
868 3517 945 3582 Harl.
965 3517 1031 3590 duo,
1063 3537 1126 3578 cum
1152 3520 1223 3581 edia-
1249 3521 1337 3582 naut.

376 3603 476 3662 timum
491 3603 519 3660 in
534 3603 633 3674 locum,
652 3607 694 3676 vel
708 3627 762 3662 non
777 3603 843 3681 legi·
868 3606 969 3662 habent
989 3621 1046 3675 aur,
1071 3625 1128 3663 non
1151 3623 1174 3664 er
1186 3629 1197 3664 .·
1211 3635 1214 3642 ·
1230 3606 1337 3670 utere:

377 3689 446 3748 timo
469 3689 559 3748 edicito
577 3687 692 3746 Senatus
712 3709 844 3748 convom-
866 3690 901 3748 de
919 3691 1022 3770 duplici
1049 3691 1124 3750 enirn
1148 3692 1212 3751 casu
1234 3689 1336 3753 Noller

378 3779 463 3844 retum
487 3795 549 3854 quae
569 3775 664 3832 omnia
681 3773 777 3844 diserte
795 3787 844 3832 cx'-
866 3775 943 3854 loqui
964 3775 1091 3847 videtum
1120 3777 1204 3836 altalo
1226 3779 1336 3839 illoram

377 3865 461 3942 plicat
483 3863 539 3922 Dio
570 3861 600 3920 in
621 3862 670 3923 lib.
695 3863 730 3922 lv.
761 3863 845 3920 Rotn.
867 3863 915 3941 qui
931 3863 959 3920 in
970 3862 1061 3921 medio
1072 3861 1154 3922 cursu
1162 3863 1336 3946 fianguutur,

305 4027 311 4046 .
379 3949 452 4008 trist.
796 3961 799 3968 ’
867 3953 950 4009 altero
963 3951 1077 4010 illorum·
1090 3951 1138 4032 qui
1158 3956 1338 4032 propelinito
1432 3999 1433 4002 η

416 4055 435 4111 9
464 4051 511 4090 aar
534 4051 592 4092 aare
620 4041 649 4091 in
671 4037 733 4115 paſs]
767 4035 842 4092 Msri
866 4038 1264 4119 cursuob'ruuntnr‚anrequam
1273 4063 1337 4120 por-

375 4117 457 4202 Joau.
484 4115 556 4178 aar.
581 4119 663 4183 Cant·
693 4121 788 4179 Mead.
819 4137 846 4179 et
868 4123 1337 4206 maconspicereporoemanana

1243 4211 1339 4278 Crast-
1432 4199 1433 4234 l
