2890 4752
273 379 372 477 300
615 350 1120 448 Dtonrrorre

332 569 339 582 ,
392 477 670 615 srus'umquam
681 487 781 570 visus
793 489 860 582 est,
880 516 1005 600 neque
1023 489 1199 572 subtilius
1217 489 1260 572 in
1275 488 1349 572 hoc

389 629 528 716 genere
540 597 704 691 drcendi,
715 599 832 710 quim
847 597 916 678 iste
928 597 1055 694 hodie,
1067 601 1139 682 esse
1155 602 1347 682 versatus:

390 711 495 826 qutld
515 708 645 790 stellet
664 707 784 804 aliter,
804 729 844 790 et
858 705 1003 820 aliquid
1022 709 1284 820 intelligerem
1304 713 1349 792 ab

390 819 566 904 Antonio
585 817 892 928 pretermissum,
906 817 1120 900 non'effern
1139 843 1220 901 tam
1240 821 1349 902 inur-

125 1015 130 1030 ,
260 987 262 993 ,
388 935 511 1013 banus
531 958 574 1010 ac
591 957 700 1038 paene
720 927 974 1024 inhumanus,
993 929 1079 1009 ⁴uti
1095 959 1141 1010 eo
1160 951 1351 1040 gravarer,

389 1041 494 1154 quod
513 1069 580 1123 vos
599 1067 736 1146 cupere
761 1037 952 1118 sentirem
1009 1039 1122 1124 Tum
1141 1041 1349 1148 Sulpitius,

389 1155 457 1234 An
468 1179 577 1260 ergo,
594 1147 736 1260 inquit,
750 1149 894 1230 oblitus
905 1147 1109 1244 eS„Crasse.
1125 1151 1352 1231 Antonium

389 1262 443 1344 ita
456 1261 644 1370 partitum
655 1258 727 1340 effe
739 1279 881 1354 tecum,
893 1279 937 1338 ut
952 1259 1028 1368 ipse
1044 1259 1350 1342 instrumentum

388 1371 548 1453 oratoris
559 1390 776 1479 exponeret,
795 1367 867 1450 tibi
885 1371 964 1479 ejus
980 1368 1268 1452 distinetionem
1291 1391 1352 1450 at·

387 1511 464 1593 que
482 1501 663 1564 ornatum
678 1479 931 1604 relinqueret?
960 1479 1039 1560 ch
1058 1481 1137 1574 ille,
1152 1479 1350 1578 Primum,

383 1593 475 1704 quis
490 1589 666 1676 Antonio
680 1591 861 1700 permrfit,
883 1589 1025 1702 inquit,
1040 1611 1084 1669 ut
1095 1610 1134 1670 et
1151 1612 1276 1700 partes
1288 1594 1349 1672 fa-

388 1724 507 1796 ceret,
537 1723 590 1796 et,
621 1722 750 1782 utram
776 1703 909 1795 vellet,
940 1700 1043 1810 prior
1060 1700 1138 1810 ipse
1156 1701 1352 1782 sumeret?

388 1811 541 1907 deinde,
570 1811 689 1922 srego
708 1809 808 1892 reete
837 1809 1026 1905 intellexi,
1058 1811 1150 1904 etim
1164 1813 1274 1892 valde
1295 1812 1348 1892 li·

387 1925 521 2002 benter
539 1916 727 2016 audirem,
758 1920 858 2001 mihi
887 1921 1089 2030 conjuncte
1107 1921 1162 2002 est
1177 1922 1277 2002 visus
1298 1923 1348 2001 de

385 2051 550 2142 utraque
569 2059 607 2110 te
621 2029 756 2112 dicere.
786 2031 859 2112 Ille
873 2031 975 2125 verri,
994 2029 1121 2140 inquit
1136 2032 1264 2125 Cotta,
1279 2061 1347 2112 or·

386 2161 571 2222 namenta
594 2139 777 2221 orationis
808 2169 887 2221 non
914 2140 1053 2250 attigit,
1101 2169 1226 2252 neque
1253 2171 1345 2222 eam

386 2253 558 2348 laudern,
579 2279 625 2332 ex
643 2279 720 2363 qua
738 2251 957 2364 eloquentia
976 2253 1147 2332 nomeni
1177 2251 1259 2331 su'm
1278 2253 1345 2333 in·
1433 2325 1434 2349 ᾗ

385 2363 504 2445 venit.
561 2361 690 2442 Verba
720 2361 850 2472 igitur,
889 2359 1015 2472 inquit
1045 2283 1210 2457 CraslllS,
1239 2365 1345 2444 mihi

384 2475 542 2598 reliquit
571 2471 781 2566 Antonius,
811 2499 892 2552 retn
923 2473 999 2580 ipse
1031 2471 1171 2553 sumfit.
1227 2473 1349 2554 Turn

300 2669 304 2678 ,
385 2587 523 2679 Caesat,
552 2583 607 2678 si,
638 2579 742 2694 quod
772 2581 968 2663 difficilius
988 2581 1058 2678 est,
1089 2583 1127 2664 id
1156 2583 1223 2663 tibi
1246 2585 1347 2664 reli·
1432 2639 1433 2644 =

385 2697 483 2808 quit,
512 2693 566 2772 est
586 2695 713 2787 nobis,
743 2693 882 2803 inquit,
904 2691 1042 2787 caussa,
1068 2721 1136 2773 cur
1156 2694 1350 2776 reaudire

386 2804 607 2914 cupiamus;
638 2803 708 2898 sm,
722 2805 826 2912 quod
845 2803 1011 2897 facilius,
1029 2803 1100 2884 tibi
1120 2803 1241 2883 causli
1256 2833 1349 2886 non

384 2914 455 3010 est,
486 2942 554 2994 cur
573 2913 731 2992 recuses.
790 2913 844 2994 Et
862 2913 1043 3008 Catulus,
1074 2913 1204 3014 Quid?
1232 2919 1350 3024 quod

384 3022 527 3119 dixisti,
558 3022 698 3134 inquit,
726 3022 866 3118 Crasse,
895 3023 921 3102 fi
951 3021 1015 3103 hlc
1039 3024 1154 3104 hodie
1173 3025 1271 3131 apud
1303 3047 1351 3107 te

382 3161 644 3226 maneremuS,
674 3155 711 3213 te
731 3161 882 3215 morem
901 3131 1012 3214 nobis
1029 3133 1101 3214 esle
1127 3133 1350 3242 gesturum,

382 3244 535 3328 nihilne
549 3245 596 3324 ad
615 3243 731 3324 fidem
747 3263 857 3324 tuam
871 3263 980 3350 putas
999 3244 1205 3351 pertinere?
1224 3245 1349 3329 Tum
1430 3325 1431 3349 ,

383 3358 499 3439 Cotta
528 3353 670 3450 ridens,
719 3353 870 3436 Posl'em
898 3353 985 3449 tibi,
1015 3353 1158 3468 inquit,
1189 3353 1344 3452 crafle,

1202 3493 1349 3545 eoncez
1429 3541 1430 3552 Ν

384 3657 460 3718 uter
488 3655 515 3716 se
543 3655 625 3714 nee
657 3635 788 3714 sententia
816 3655 845 3714 n
872 3653 946 3714 rust
960 3655 1102 3714 nauem
1116 3657 1345 3732 nagream,
1429 3631 1430 3683 l

383 3743 544 3823 quibusdam
583 3741 717 3802 veteribus
750 3741 847 3803 editio·
871 3758 932 3817 quae
948 3738 1037 3811 lessio,
1058 3737 1078 3796 si
1098 3757 1160 3796 veta
1179 3739 1226 3810 est,
1246 3739 1346 3798 subin·

386 3833 476 3892 nibus.
872 3825 1016 3904 telligendu
1038 3826 1075 3883 est
1099 3845 1154 3884 vox
1177 3826 1276 3902 verstri
1305 3847 1345 3887 ex
1428 3841 1429 3870 t

431 3937 452 3994 4
486 3923 525 3974 uri
555 3937 582 3976 ro
598 3915 756 3994 gravam]
789 3912 847 3974 Hic
873 3911 1101 3992 ptaeoedentibus5
1129 3909 1234 3970 dixerat
1261 3909 1342 3974 enim

383 4004 497 4062 verbum
511 4021 644 4082 gravarer
657 3999 755 4078 pnsfive
777 3999 847 4060 rcci-
873 3995 1025 4058 Antonium
1045 4001 1071 4054 tn
1088 3994 1134 4055 boc
1143 4017 1232 4074 gem
1242 3999 1345 4058 dimi

382 4088 514 4182 piendum
541 4087 594 4148 esl:
627 4085 736 4146 sudsex
765 4083 845 4146 nostri
873 4083 1063 4164 effluersaturn.
1179 4099 1192 4112 ¹
1427 4099 1428 4112 ι

1299 4653 1305 4662 .
