<?xml version="1.0" encoding="UTF-8"?>
<!DOCTYPE html PUBLIC "-//W3C//DTD XHTML 1.0 Transitional//EN"
    "http://www.w3.org/TR/xhtml1/DTD/xhtml1-transitional.dtd">
<html xmlns="http://www.w3.org/1999/xhtml" xml:lang="en" lang="en">
 <head>
  <title>
</title>
<meta http-equiv="Content-Type" content="text/html;charset=utf-8" />
  <meta name='ocr-system' content='tesseract 3.04.00' />
  <meta name='ocr-capabilities' content='ocr_page ocr_carea ocr_par ocr_line ocrx_word'/>
</head>
<body>
  <div class='ocr_page' id='page_1' title='image "./mtulliiciceroni01peargoog_0398.png"; bbox 0 0 2878 4748; ppageno 0'>
   <div class='ocr_carea' id='block_1_1' title="bbox 88 345 1226 4100">
    <p class='ocr_par' dir='ltr' id='par_1_1' title="bbox 88 345 1208 2375">
     <span class='ocr_line' id='line_1_1' title="bbox 360 345 1189 490; baseline 0.005 -45"><span class='ocrx_word' id='word_1_1' title='bbox 360 345 577 446; x_wconf 73' lang='lat' dir='ltr'>Linon</span> <span class='ocrx_word' id='word_1_2' title='bbox 627 354 711 447; x_wconf 90' lang='lat' dir='ltr'><strong>III.</strong></span> <span class='ocrx_word' id='word_1_3' title='bbox 753 355 832 476; x_wconf 82' lang='grc'>38.</span> <span class='ocrx_word' id='word_1_4' title='bbox 1092 380 1189 490; x_wconf 76' lang='lat'>379</span> 
     </span>
     <span class='ocr_line' id='line_1_2' title="bbox 102 487 1067 604; baseline 0.006 -35"><span class='ocrx_word' id='word_1_5' title='bbox 102 491 183 586; x_wconf 65' lang='lat' dir='ltr'>deta</span> <span class='ocrx_word' id='word_1_6' title='bbox 193 491 319 604; x_wconf 79' lang='lat' dir='ltr'>fugiat</span> <span class='ocrx_word' id='word_1_7' title='bbox 334 525 345 588; x_wconf 93' lang='lat'>;</span> <span class='ocrx_word' id='word_1_8' title='bbox 376 495 485 574; x_wconf 68' lang='lat' dir='ltr'>leuis</span> <span class='ocrx_word' id='word_1_9' title='bbox 501 514 614 604; x_wconf 84' lang='lat' dir='ltr'>atque</span> <span class='ocrx_word' id='word_1_10' title='bbox 634 487 846 576; x_wconf 83' lang='lat' dir='ltr'>illustribus</span> <span class='ocrx_word' id='word_1_11' title='bbox 865 515 1008 594; x_wconf 85' lang='lat' dir='ltr'>utatur,</span> <span class='ocrx_word' id='word_1_12' title='bbox 1023 499 1067 580; x_wconf 91' lang='lat' dir='ltr'>in</span> 
     </span>
     <span class='ocr_line' id='line_1_3' title="bbox 99 602 1179 716; baseline 0.011 -36"><span class='ocrx_word' id='word_1_13' title='bbox 99 602 246 708; x_wconf 82' lang='lat' dir='ltr'>¹quibus</span> <span class='ocrx_word' id='word_1_14' title='bbox 265 606 427 712; x_wconf 89' lang='lat' dir='ltr'>plenum</span> <span class='ocrx_word' id='word_1_15' title='bbox 445 606 631 716; x_wconf 86' lang='lat' dir='ltr'>quiddam</span> <span class='ocrx_word' id='word_1_16' title='bbox 655 625 694 684; x_wconf 90' lang='lat' dir='ltr'>et</span> <span class='ocrx_word' id='word_1_17' title='bbox 714 605 850 688; x_wconf 81' lang='lat' dir='ltr'>sonans</span> <span class='ocrx_word' id='word_1_18' title='bbox 870 607 985 688; x_wconf 78' lang='lat' dir='ltr'>inesse</span> <span class='ocrx_word' id='word_1_19' title='bbox 1004 611 1066 690; x_wconf 90' lang='lat' dir='ltr'>vi·</span> <span class='ocrx_word' id='word_1_20' title='bbox 1177 657 1179 662; x_wconf 96' lang='lat'>·</span> 
     </span>
     <span class='ocr_line' id='line_1_4' title="bbox 98 715 1083 828; baseline 0.012 -37"><span class='ocrx_word' id='word_1_21' title='bbox 98 715 246 804; x_wconf 74' lang='lat' dir='ltr'>deutur.</span> <span class='ocrx_word' id='word_1_22' title='bbox 305 716 377 794; x_wconf 86' lang='lat' dir='ltr'>Sed</span> <span class='ocrx_word' id='word_1_23' title='bbox 406 716 448 795; x_wconf 78' lang='lat' dir='ltr'>in</span> <span class='ocrx_word' id='word_1_24' title='bbox 474 716 550 797; x_wconf 90' lang='lat' dir='ltr'>hoc</span> <span class='ocrx_word' id='word_1_25' title='bbox 579 716 785 798; x_wconf 86' lang='lat' dir='ltr'>verborum</span> <span class='ocrx_word' id='word_1_26' title='bbox 809 747 949 827; x_wconf 84' lang='lat' dir='ltr'><strong>genere</strong></span> <span class='ocrx_word' id='word_1_27' title='bbox 973 718 1083 828; x_wconf 80' lang='lat' dir='ltr'>pro-&#39;-</span> 
     </span>
     <span class='ocr_line' id='line_1_5' title="bbox 99 824 1067 941; baseline 0.012 -41"><span class='ocrx_word' id='word_1_28' title='bbox 99 824 278 932; x_wconf 89' lang='lat' dir='ltr'>priorum</span> <span class='ocrx_word' id='word_1_29' title='bbox 290 827 524 907; x_wconf 71' lang='lat' dir='ltr'>delenusest</span> <span class='ocrx_word' id='word_1_30' title='bbox 538 826 699 938; x_wconf 83' lang='lat' dir='ltr'>quidam</span> <span class='ocrx_word' id='word_1_31' title='bbox 720 825 933 923; x_wconf 67' lang='lat' dir='ltr'>habendm,</span> <span class='ocrx_word' id='word_1_32' title='bbox 952 853 1067 941; x_wconf 82' lang='lat' dir='ltr'>atque</span> 
     </span>
     <span class='ocr_line' id='line_1_6' title="bbox 100 935 1069 1046; baseline 0.009 -34"><span class='ocrx_word' id='word_1_33' title='bbox 100 935 134 1032; x_wconf 76' lang='lat' dir='ltr'>is</span> <span class='ocrx_word' id='word_1_34' title='bbox 154 937 309 1016; x_wconf 86' lang='lat' dir='ltr'>aurium</span> <span class='ocrx_word' id='word_1_35' title='bbox 328 939 496 1046; x_wconf 84' lang='lat' dir='ltr'>quodam</span> <span class='ocrx_word' id='word_1_36' title='bbox 521 938 672 1046; x_wconf 85' lang='lat' dir='ltr'>judicio</span> <span class='ocrx_word' id='word_1_37' title='bbox 701 941 995 1046; x_wconf 82' lang='lat' dir='ltr'>ponderandus;</span> <span class='ocrx_word' id='word_1_38' title='bbox 1027 943 1069 1022; x_wconf 91' lang='lat' dir='ltr'>in</span> 
     </span>
     <span class='ocr_line' id='line_1_7' title="bbox 98 1046 1069 1160; baseline 0.009 -36"><span class='ocrx_word' id='word_1_39' title='bbox 98 1075 182 1158; x_wconf 85' lang='lat' dir='ltr'>quo</span> <span class='ocrx_word' id='word_1_40' title='bbox 213 1046 451 1128; x_wconf 88' lang='lat' dir='ltr'>consuetudo</span> <span class='ocrx_word' id='word_1_41' title='bbox 479 1051 597 1129; x_wconf 86' lang='lat' dir='ltr'>etiam</span> <span class='ocrx_word' id='word_1_42' title='bbox 628 1050 733 1128; x_wconf 86' lang='lat' dir='ltr'>bene·</span> <span class='ocrx_word' id='word_1_43' title='bbox 752 1050 937 1160; x_wconf 88' lang='lat' dir='ltr'>loquendi</span> <span class='ocrx_word' id='word_1_44' title='bbox 965 1054 1069 1132; x_wconf 87' lang='lat' dir='ltr'>valet</span> 
     </span>
     <span class='ocr_line' id='line_1_8' title="bbox 98 1154 1068 1270; baseline 0.008 -36"><span class='ocrx_word' id='word_1_45' title='bbox 98 1154 330 1264; x_wconf 78' lang='lat' dir='ltr'>plurimdrn.</span> <span class='ocrx_word' id='word_1_46' title='bbox 386 1158 522 1240; x_wconf 82' lang='lat' dir='ltr'>Etiam</span> <span class='ocrx_word' id='word_1_47' title='bbox 547 1159 638 1254; x_wconf 87' lang='lat' dir='ltr'>hoc,</span> <span class='ocrx_word' id='word_1_48' title='bbox 658 1161 762 1270; x_wconf 89' lang='lat' dir='ltr'>quod</span> <span class='ocrx_word' id='word_1_49' title='bbox 780 1161 908 1270; x_wconf 25' lang='lat' dir='ltr'>vulgdt</span> <span class='ocrx_word' id='word_1_50' title='bbox 919 1163 965 1242; x_wconf 86' lang='lat' dir='ltr'>de</span> <span class='ocrx_word' id='word_1_51' title='bbox 984 1193 1068 1262; x_wconf 79' lang='lat' dir='ltr'>ora-</span> 
     </span>
     <span class='ocr_line' id='line_1_9' title="bbox 97 1262 1155 1377; baseline 0.01 -31"><span class='ocrx_word' id='word_1_52' title='bbox 97 1262 249 1348; x_wconf 84' lang='lat' dir='ltr'>toribus</span> <span class='ocrx_word' id='word_1_53' title='bbox 262 1271 308 1348; x_wconf 88' lang='lat' dir='ltr'>ab</span> <span class='ocrx_word' id='word_1_54' title='bbox 323 1269 513 1377; x_wconf 82' lang='lat' dir='ltr'>imperitis</span> <span class='ocrx_word' id='word_1_55' title='bbox 533 1269 608 1350; x_wconf 89' lang='lat' dir='ltr'>dici</span> <span class='ocrx_word' id='word_1_56' title='bbox 629 1269 738 1366; x_wconf 84' lang='lat' dir='ltr'>solet,</span> <span class='ocrx_word' id='word_1_57' title='bbox 767 1273 862 1353; x_wconf 83' lang='lat' dir='ltr'>bonis</span> <span class='ocrx_word' id='word_1_58' title='bbox 881 1274 917 1353; x_wconf 62' lang='lat' dir='ltr'>is⁴</span> <span class='ocrx_word' id='word_1_59' title='bbox 929 1275 1063 1370; x_wconf 79' lang='lat' dir='ltr'>verbis,</span> <span class='ocrx_word' id='word_1_60' title='bbox 1153 1302 1155 1306; x_wconf 86' lang='grc'><em>·</em></span> 
     </span>
     <span class='ocr_line' id='line_1_10' title="bbox 99 1381 1066 1494; baseline 0.007 -37"><span class='ocrx_word' id='word_1_61' title='bbox 99 1399 167 1458; x_wconf 85' lang='lat' dir='ltr'>aut</span> <span class='ocrx_word' id='word_1_62' title='bbox 192 1381 321 1492; x_wconf 83' lang='lat' dir='ltr'>aliquis</span> <span class='ocrx_word' id='word_1_63' title='bbox 340 1411 405 1461; x_wconf 87' lang='lat' dir='ltr'>non</span> <span class='ocrx_word' id='word_1_64' title='bbox 423 1381 518 1462; x_wconf 86' lang='lat' dir='ltr'>bonis</span> <span class='ocrx_word' id='word_1_65' title='bbox 550 1383 680 1477; x_wconf 84' lang='lat' dir='ltr'>utitur,</span> <span class='ocrx_word' id='word_1_66' title='bbox 712 1411 793 1462; x_wconf 92' lang='lat' dir='ltr'>non</span> <span class='ocrx_word' id='word_1_67' title='bbox 824 1401 903 1462; x_wconf 87' lang='lat' dir='ltr'>arte</span> <span class='ocrx_word' id='word_1_68' title='bbox 936 1385 1066 1494; x_wconf 84' lang='lat' dir='ltr'>aliqua</span> 
     </span>
     <span class='ocr_line' id='line_1_11' title="bbox 97 1492 1066 1604; baseline 0.007 -36"><span class='ocrx_word' id='word_1_69' title='bbox 97 1492 366 1598; x_wconf 87' lang='lat' dir='ltr'>propenditur,</span> <span class='ocrx_word' id='word_1_70' title='bbox 387 1492 450 1573; x_wconf 91' lang='lat' dir='ltr'>sed</span> <span class='ocrx_word' id='word_1_71' title='bbox 467 1493 637 1602; x_wconf 89' lang='lat' dir='ltr'>quodam</span> <span class='ocrx_word' id='word_1_72' title='bbox 656 1493 758 1604; x_wconf 79' lang='lat' dir='ltr'>quasi</span> <span class='ocrx_word' id='word_1_73' title='bbox 778 1495 942 1590; x_wconf 80' lang='lat' dir='ltr'>naturali</span> <span class='ocrx_word' id='word_1_74' title='bbox 959 1495 1066 1575; x_wconf 85' lang='lat' dir='ltr'>sensu</span> 
     </span>
     <span class='ocr_line' id='line_1_12' title="bbox 90 1602 1065 1714; baseline 0.004 -34"><span class='ocrx_word' id='word_1_75' title='bbox 90 1602 319 1710; x_wconf 59' lang='lat' dir='ltr'>judicatum</span> <span class='ocrx_word' id='word_1_76' title='bbox 350 1603 391 1694; x_wconf 83' lang='lat' dir='ltr'>in</span> <span class='ocrx_word' id='word_1_77' title='bbox 410 1633 489 1714; x_wconf 93' lang='lat' dir='ltr'>quo</span> <span class='ocrx_word' id='word_1_78' title='bbox 509 1632 588 1686; x_wconf 90' lang='lat' dir='ltr'>non</span> <span class='ocrx_word' id='word_1_79' title='bbox 607 1631 751 1712; x_wconf 84' lang='lat' dir='ltr'>magna</span> <span class='ocrx_word' id='word_1_80' title='bbox 768 1604 851 1686; x_wconf 84' lang='lat' dir='ltr'>laus</span> <span class='ocrx_word' id='word_1_81' title='bbox 871 1603 925 1684; x_wconf 89' lang='lat' dir='ltr'>est</span> <span class='ocrx_word' id='word_1_82' title='bbox 944 1604 1065 1686; x_wconf 87' lang='lat' dir='ltr'>vitare</span> 
     </span>
     <span class='ocr_line' id='line_1_13' title="bbox 88 1711 1065 1828; baseline 0.008 -39"><span class='ocrx_word' id='word_1_83' title='bbox 88 1711 245 1794; x_wconf 85' lang='lat' dir='ltr'>&#39;vitium</span> <span class='ocrx_word' id='word_1_84' title='bbox 267 1715 525 1824; x_wconf 79' lang='lat' dir='ltr'>(quamquam</span> <span class='ocrx_word' id='word_1_85' title='bbox 538 1716 585 1794; x_wconf 88' lang='lat' dir='ltr'>&#39;id</span> <span class='ocrx_word' id='word_1_86' title='bbox 603 1714 658 1794; x_wconf 86' lang='lat' dir='ltr'>est</span> <span class='ocrx_word' id='word_1_87' title='bbox 676 1717 898 1828; x_wconf 84' lang='lat' dir='ltr'>magnum),</span> <span class='ocrx_word' id='word_1_88' title='bbox 928 1715 1065 1796; x_wconf 70' lang='lat' dir='ltr'>verdun</span> 
     </span>
     <span class='ocr_line' id='line_1_14' title="bbox 96 1821 1064 1938; baseline 0.005 -37"><span class='ocrx_word' id='word_1_89' title='bbox 96 1821 175 1902; x_wconf 89' lang='lat' dir='ltr'>hoc</span> <span class='ocrx_word' id='word_1_90' title='bbox 195 1825 299 1934; x_wconf 82' lang='lat' dir='ltr'>quasi</span> <span class='ocrx_word' id='word_1_91' title='bbox 317 1825 443 1907; x_wconf 87' lang='lat' dir='ltr'>solum</span> <span class='ocrx_word' id='word_1_92' title='bbox 460 1825 657 1938; x_wconf 87' lang='lat' dir='ltr'>quoddam</span> <span class='ocrx_word' id='word_1_93' title='bbox 691 1845 805 1935; x_wconf 86' lang='lat' dir='ltr'>atque</span> <span class='ocrx_word' id='word_1_94' title='bbox 833 1827 1064 1906; x_wconf 85' lang='lat' dir='ltr'>fundamen-</span> 
     </span>
     <span class='ocr_line' id='line_1_15' title="bbox 97 1929 1061 2042; baseline 0.007 -30"><span class='ocrx_word' id='word_1_95' title='bbox 97 1953 188 2014; x_wconf 88' lang='lat' dir='ltr'>tum</span> <span class='ocrx_word' id='word_1_96' title='bbox 220 1934 289 2032; x_wconf 87' lang='lat' dir='ltr'>est,</span> <span class='ocrx_word' id='word_1_97' title='bbox 318 1938 526 2018; x_wconf 82' lang='lat' dir='ltr'>verborum</span> <span class='ocrx_word' id='word_1_98' title='bbox 544 1929 634 2017; x_wconf 78' lang='lat' dir='ltr'>usus</span> <span class='ocrx_word' id='word_1_99' title='bbox 665 1954 704 2017; x_wconf 88' lang='lat' dir='ltr'>et</span> <span class='ocrx_word' id='word_1_100' title='bbox 724 1935 834 2042; x_wconf 89' lang='lat' dir='ltr'>copia</span> <span class='ocrx_word' id='word_1_101' title='bbox 853 1937 1061 2019; x_wconf 90' lang='lat' dir='ltr'>bonorum.</span> 
     </span>
     <span class='ocr_line' id='line_1_16' title="bbox 98 2045 1062 2157; baseline 0.004 -33"><span class='ocrx_word' id='word_1_102' title='bbox 98 2045 189 2140; x_wconf 86' lang='lat' dir='ltr'>Sed,</span> <span class='ocrx_word' id='word_1_103' title='bbox 220 2045 315 2156; x_wconf 91' lang='lat' dir='ltr'>qnid</span> <span class='ocrx_word' id='word_1_104' title='bbox 335 2046 411 2154; x_wconf 91' lang='lat' dir='ltr'>ipse</span> <span class='ocrx_word' id='word_1_105' title='bbox 442 2047 606 2128; x_wconf 86' lang='lat' dir='ltr'>aedificet</span> <span class='ocrx_word' id='word_1_106' title='bbox 625 2067 766 2144; x_wconf 84' lang='lat' dir='ltr'>orator,</span> <span class='ocrx_word' id='word_1_107' title='bbox 785 2068 823 2126; x_wconf 87' lang='lat' dir='ltr'>et</span> <span class='ocrx_word' id='word_1_108' title='bbox 842 2046 883 2125; x_wconf 92' lang='lat' dir='ltr'>in</span> <span class='ocrx_word' id='word_1_109' title='bbox 902 2077 981 2157; x_wconf 91' lang='lat' dir='ltr'>quo</span> <span class='ocrx_word' id='word_1_110' title='bbox 997 2049 1062 2128; x_wconf 85' lang='lat' dir='ltr'>ad·</span> 
     </span>
     <span class='ocr_line' id='line_1_17' title="bbox 89 2143 1208 2268; baseline 0.002 -34"><span class='ocrx_word' id='word_1_111' title='bbox 89 2158 233 2265; x_wconf 86' lang='lat' dir='ltr'>jungat</span> <span class='ocrx_word' id='word_1_112' title='bbox 253 2175 389 2252; x_wconf 88' lang='lat' dir='ltr'>artem,</span> <span class='ocrx_word' id='word_1_113' title='bbox 419 2157 459 2238; x_wconf 93' lang='lat' dir='ltr'>id</span> <span class='ocrx_word' id='word_1_114' title='bbox 478 2143 550 2240; x_wconf 81' lang='lat' dir='ltr'>effe</span> <span class='ocrx_word' id='word_1_115' title='bbox 567 2158 590 2237; x_wconf 67' lang='lat' dir='ltr'>*a</span> <span class='ocrx_word' id='word_1_116' title='bbox 609 2158 719 2240; x_wconf 91' lang='lat' dir='ltr'>nobis</span> <span class='ocrx_word' id='word_1_117' title='bbox 737 2161 990 2268; x_wconf 78' lang='lat' dir='ltr'>quaerendum</span> <span class='ocrx_word' id='word_1_118' title='bbox 1005 2177 1062 2239; x_wconf 83' lang='lat' dir='ltr'>at·</span> <span class='ocrx_word' id='word_1_119' title='bbox 1205 2211 1208 2220; x_wconf 90' lang='lat'>·</span> 
     </span>
     <span class='ocr_line' id='line_1_18' title="bbox 94 2267 1175 2375; baseline 0.002 -31"><span class='ocrx_word' id='word_1_120' title='bbox 94 2295 174 2375; x_wconf 89' lang='lat' dir='ltr'>qne</span> <span class='ocrx_word' id='word_1_121' title='bbox 186 2267 461 2374; x_wconf 86' lang='lat' dir='ltr'>explicandum</span> <span class='ocrx_word' id='word_1_122' title='bbox 475 2269 635 2348; x_wconf 87' lang='lat' dir='ltr'>videtur.</span> <span class='ocrx_word' id='word_1_123' title='bbox 1173 2269 1175 2274; x_wconf 77' lang='grc'><strong>’</strong></span> 
     </span>
    </p>

    <p class='ocr_par' dir='ltr' id='par_1_2' title="bbox 93 2377 1226 3376">
     <span class='ocr_line' id='line_1_19' title="bbox 152 2377 1226 2489; baseline 0.001 -33"><span class='ocrx_word' id='word_1_124' title='bbox 152 2377 249 2457; x_wconf 85' lang='lat' dir='ltr'>Tria</span> <span class='ocrx_word' id='word_1_125' title='bbox 263 2379 350 2459; x_wconf 89' lang='lat' dir='ltr'>sunt</span> <span class='ocrx_word' id='word_1_126' title='bbox 362 2380 481 2489; x_wconf 86' lang='lat' dir='ltr'>igitur</span> <span class='ocrx_word' id='word_1_127' title='bbox 500 2378 541 2458; x_wconf 90' lang='lat' dir='ltr'>in</span> <span class='ocrx_word' id='word_1_128' title='bbox 555 2380 674 2460; x_wconf 89' lang='lat' dir='ltr'>verbo</span> <span class='ocrx_word' id='word_1_129' title='bbox 688 2377 865 2486; x_wconf 79' lang='lat' dir='ltr'>simplici,</span> <span class='ocrx_word' id='word_1_130' title='bbox 879 2391 1226 2488; x_wconf 76' lang='lat' dir='ltr'>quaeora-XXXVIII</span> 
     </span>
     <span class='ocr_line' id='line_1_20' title="bbox 96 2487 1064 2599; baseline 0 -31"><span class='ocrx_word' id='word_1_131' title='bbox 96 2507 160 2570; x_wconf 90' lang='lat' dir='ltr'>tor</span> <span class='ocrx_word' id='word_1_132' title='bbox 178 2487 310 2570; x_wconf 84' lang='lat' dir='ltr'>afferat</span> <span class='ocrx_word' id='word_1_133' title='bbox 322 2491 368 2572; x_wconf 86' lang='lat' dir='ltr'>ad</span> <span class='ocrx_word' id='word_1_134' title='bbox 388 2487 654 2570; x_wconf 87' lang='lat' dir='ltr'>illustrandam</span> <span class='ocrx_word' id='word_1_135' title='bbox 668 2509 782 2599; x_wconf 79' lang='lat' dir='ltr'>atque</span> <span class='ocrx_word' id='word_1_136' title='bbox 802 2489 1064 2577; x_wconf 84' lang='lat' dir='ltr'>exornandam</span> 
     </span>
     <span class='ocr_line' id='line_1_21' title="bbox 95 2598 1063 2694; baseline 0 -14"><span class='ocrx_word' id='word_1_137' title='bbox 95 2600 338 2693; x_wconf 83' lang='lat' dir='ltr'>orationem3</span> <span class='ocrx_word' id='word_1_138' title='bbox 368 2619 433 2680; x_wconf 86' lang='lat' dir='ltr'>aut</span> <span class='ocrx_word' id='word_1_139' title='bbox 454 2598 677 2680; x_wconf 81' lang='lat' dir='ltr'>inusitatum</span> <span class='ocrx_word' id='word_1_140' title='bbox 697 2601 876 2694; x_wconf 85' lang='lat' dir='ltr'>verbum,</span> <span class='ocrx_word' id='word_1_141' title='bbox 907 2619 974 2680; x_wconf 86' lang='lat' dir='ltr'>aut</span> <span class='ocrx_word' id='word_1_142' title='bbox 992 2629 1063 2680; x_wconf 93' lang='lat' dir='ltr'>no·</span> 
     </span>
     <span class='ocr_line' id='line_1_22' title="bbox 94 2708 1064 2818; baseline 0.004 -30"><span class='ocrx_word' id='word_1_143' title='bbox 94 2729 249 2807; x_wconf 87' lang='lat' dir='ltr'>vatum,</span> <span class='ocrx_word' id='word_1_144' title='bbox 277 2731 343 2792; x_wconf 90' lang='lat' dir='ltr'>aut</span> <span class='ocrx_word' id='word_1_145' title='bbox 362 2712 601 2794; x_wconf 83' lang='lat' dir='ltr'>transsatum.</span> <span class='ocrx_word' id='word_1_146' title='bbox 647 2711 827 2790; x_wconf 82' lang='lat' dir='ltr'>Inusitata</span> <span class='ocrx_word' id='word_1_147' title='bbox 846 2708 1064 2818; x_wconf 85' lang='lat' dir='ltr'>suntprisca</span> 
     </span>
     <span class='ocr_line' id='line_1_23' title="bbox 95 2819 1063 2932; baseline 0.002 -32"><span class='ocrx_word' id='word_1_148' title='bbox 95 2823 178 2916; x_wconf 75' lang='lat' dir='ltr'>fere</span> <span class='ocrx_word' id='word_1_149' title='bbox 198 2851 241 2903; x_wconf 87' lang='lat' dir='ltr'>ac</span> <span class='ocrx_word' id='word_1_150' title='bbox 258 2823 424 2919; x_wconf 84' lang='lat' dir='ltr'>vetusta,</span> <span class='ocrx_word' id='word_1_151' title='bbox 455 2825 467 2863; x_wconf 80' lang='lat'>³</span> <span class='ocrx_word' id='word_1_152' title='bbox 487 2843 525 2902; x_wconf 90' lang='lat' dir='ltr'>et</span> <span class='ocrx_word' id='word_1_153' title='bbox 540 2823 586 2902; x_wconf 90' lang='lat' dir='ltr'>ab</span> <span class='ocrx_word' id='word_1_154' title='bbox 601 2819 669 2900; x_wconf 89' lang='lat' dir='ltr'>usu</span> <span class='ocrx_word' id='word_1_155' title='bbox 689 2821 905 2932; x_wconf 87' lang='lat' dir='ltr'>quotidiani</span> <span class='ocrx_word' id='word_1_156' title='bbox 920 2821 1063 2902; x_wconf 86' lang='lat' dir='ltr'>sermo-</span> 
     </span>
     <span class='ocr_line' id='line_1_24' title="bbox 95 2929 1063 3041; baseline 0 -29"><span class='ocrx_word' id='word_1_157' title='bbox 95 2929 159 3012; x_wconf 89' lang='lat' dir='ltr'>nis</span> <span class='ocrx_word' id='word_1_158' title='bbox 168 2933 326 3040; x_wconf 83' lang='lat' dir='ltr'>jamdiu</span> <span class='ocrx_word' id='word_1_159' title='bbox 337 2932 559 3027; x_wconf 70' lang='lat' dir='ltr'>intermisti,</span> <span class='ocrx_word' id='word_1_160' title='bbox 573 2959 660 3041; x_wconf 68' lang='lat' dir='ltr'>quae</span> <span class='ocrx_word' id='word_1_161' title='bbox 672 2931 758 3013; x_wconf 86' lang='lat' dir='ltr'>sunt</span> <span class='ocrx_word' id='word_1_162' title='bbox 772 2940 975 3040; x_wconf 85' lang='lat' dir='ltr'>po&#39;e‘tarum</span> <span class='ocrx_word' id='word_1_163' title='bbox 987 2948 1003 2994; x_wconf 81' lang='lat'>4</span> <span class='ocrx_word' id='word_1_164' title='bbox 1014 2933 1063 3012; x_wconf 78' lang='lat' dir='ltr'>li-</span> 
     </span>
     <span class='ocr_line' id='line_1_25' title="bbox 94 3040 1064 3154; baseline 0.002 -31"><span class='ocrx_word' id='word_1_165' title='bbox 94 3043 237 3123; x_wconf 80' lang='lat' dir='ltr'>centiae</span> <span class='ocrx_word' id='word_1_166' title='bbox 267 3044 459 3136; x_wconf 87' lang='lat' dir='ltr'>liberiora,</span> <span class='ocrx_word' id='word_1_167' title='bbox 490 3040 608 3154; x_wconf 71' lang='lat' dir='ltr'>qudm</span> <span class='ocrx_word' id='word_1_168' title='bbox 641 3043 812 3137; x_wconf 83' lang='lat' dir='ltr'>nostrae3</span> <span class='ocrx_word' id='word_1_169' title='bbox 841 3041 903 3122; x_wconf 85' lang='lat' dir='ltr'>sed</span> <span class='ocrx_word' id='word_1_170' title='bbox 931 3063 1064 3126; x_wconf 86' lang='lat' dir='ltr'>tamen</span> 
     </span>
     <span class='ocr_line' id='line_1_26' title="bbox 95 3153 1064 3261; baseline 0 -29"><span class='ocrx_word' id='word_1_171' title='bbox 95 3155 210 3238; x_wconf 81' lang='lat' dir='ltr'>⁵rard</span> <span class='ocrx_word' id='word_1_172' title='bbox 222 3154 337 3236; x_wconf 88' lang='lat' dir='ltr'>habet</span> <span class='ocrx_word' id='word_1_173' title='bbox 352 3156 470 3238; x_wconf 83' lang='lat' dir='ltr'>etiarn</span> <span class='ocrx_word' id='word_1_174' title='bbox 490 3155 530 3234; x_wconf 93' lang='lat' dir='ltr'>in</span> <span class='ocrx_word' id='word_1_175' title='bbox 556 3153 753 3235; x_wconf 81' lang='lat' dir='ltr'>oratione⁶</span> <span class='ocrx_word' id='word_1_176' title='bbox 771 3153 969 3261; x_wconf 66' lang='lat' dir='ltr'>politicum</span> <span class='ocrx_word' id='word_1_177' title='bbox 989 3154 1064 3232; x_wconf 88' lang='lat' dir='ltr'>ali-</span> 
     </span>
     <span class='ocr_line' id='line_1_27' title="bbox 93 3262 1116 3376; baseline 0 -32"><span class='ocrx_word' id='word_1_178' title='bbox 93 3266 204 3376; x_wconf 90' lang='lat' dir='ltr'>quod</span> <span class='ocrx_word' id='word_1_179' title='bbox 223 3268 386 3346; x_wconf 87' lang='lat' dir='ltr'>verbum</span> <span class='ocrx_word' id='word_1_180' title='bbox 401 3265 655 3376; x_wconf 84' lang='lat' dir='ltr'>dignitatern:</span> <span class='ocrx_word' id='word_1_181' title='bbox 683 3262 936 3374; x_wconf 87' lang='lat' dir='ltr'>nequeenim</span> <span class='ocrx_word' id='word_1_182' title='bbox 963 3264 1065 3344; x_wconf 92' lang='lat' dir='ltr'>illud</span> <span class='ocrx_word' id='word_1_183' title='bbox 1109 3351 1116 3359; x_wconf 58' lang='grc'><strong>,</strong></span> 
     </span>
    </p>

    <p class='ocr_par' dir='ltr' id='par_1_3' title="bbox 94 3376 1161 3842">
     <span class='ocr_line' id='line_1_28' title="bbox 945 3376 1061 3484; baseline 0.026 -31"><span class='ocrx_word' id='word_1_184' title='bbox 945 3376 1061 3484; x_wconf 87' lang='lat' dir='ltr'>fuge·</span> 
     </span>
     <span class='ocr_line' id='line_1_29' title="bbox 95 3495 1064 3582; baseline -0.008 -20"><span class='ocrx_word' id='word_1_185' title='bbox 95 3500 571 3582; x_wconf 71' lang='lat' dir='ltr'>orafirerinr.Qindil.autemlucu-</span> <span class='ocrx_word' id='word_1_186' title='bbox 596 3498 766 3560; x_wconf 79' lang='lat' dir='ltr'>Adverbium</span> <span class='ocrx_word' id='word_1_187' title='bbox 774 3497 884 3576; x_wconf 78' lang='lat' dir='ltr'>usurpat</span> <span class='ocrx_word' id='word_1_188' title='bbox 892 3519 916 3558; x_wconf 91' lang='lat' dir='ltr'>c.</span> <span class='ocrx_word' id='word_1_189' title='bbox 930 3495 1064 3575; x_wconf 74' lang='lat' dir='ltr'>52,tran]2</span> 
     </span>
     <span class='ocr_line' id='line_1_30' title="bbox 95 3584 1109 3678; baseline -0.004 -32"><span class='ocrx_word' id='word_1_190' title='bbox 95 3587 568 3658; x_wconf 66' lang='lat' dir='ltr'>lenteconnmathanclenionem,</span> <span class='ocrx_word' id='word_1_191' title='bbox 595 3589 655 3643; x_wconf 81' lang='lat' dir='ltr'><em>latis</em></span> <span class='ocrx_word' id='word_1_192' title='bbox 665 3601 766 3642; x_wconf 80' lang='lat' dir='ltr'>utamur</span> <span class='ocrx_word' id='word_1_193' title='bbox 764 3584 918 3662; x_wconf 70' lang='lat' dir='ltr'>frequenter,</span> <span class='ocrx_word' id='word_1_194' title='bbox 927 3585 1065 3642; x_wconf 75' lang='lat' dir='ltr'>inrerdm-</span> <span class='ocrx_word' id='word_1_195' title='bbox 1097 3650 1109 3678; x_wconf 37' lang='grc' dir='ltr'><strong>ι</strong></span> 
     </span>
     <span class='ocr_line' id='line_1_31' title="bbox 94 3670 1161 3753; baseline -0.007 -19"><span class='ocrx_word' id='word_1_196' title='bbox 94 3673 130 3734; x_wconf 60' lang='lat' dir='ltr'>&#39;in</span> <span class='ocrx_word' id='word_1_197' title='bbox 142 3675 207 3734; x_wconf 84' lang='lat' dir='ltr'>Inst.</span> <span class='ocrx_word' id='word_1_198' title='bbox 218 3677 296 3736; x_wconf 79' lang='lat' dir='ltr'>Orat.</span> <span class='ocrx_word' id='word_1_199' title='bbox 308 3674 367 3732; x_wconf 78' lang='lat' dir='ltr'>viii.</span> <span class='ocrx_word' id='word_1_200' title='bbox 381 3697 407 3753; x_wconf 84' lang='grc' dir='ltr'>ς.</span> <span class='ocrx_word' id='word_1_201' title='bbox 431 3676 527 3731; x_wconf 75' lang='lat' dir='ltr'>Omnia</span> <span class='ocrx_word' id='word_1_202' title='bbox 536 3672 570 3730; x_wconf 84' lang='lat' dir='ltr'>li·</span> <span class='ocrx_word' id='word_1_203' title='bbox 594 3675 734 3752; x_wconf 61' lang='lat' dir='ltr'>quefaflin</span> <span class='ocrx_word' id='word_1_204' title='bbox 754 3674 814 3731; x_wconf 77' lang='lat' dir='ltr'>raro</span> <span class='ocrx_word' id='word_1_205' title='bbox 826 3686 908 3728; x_wconf 62' lang='lat' dir='ltr'>autum</span> <span class='ocrx_word' id='word_1_206' title='bbox 917 3670 1064 3750; x_wconf 78' lang='lat' dir='ltr'>etiamper·</span> <span class='ocrx_word' id='word_1_207' title='bbox 1159 3701 1161 3708; x_wconf 58' lang='lat'>&gt;</span> 
     </span>
     <span class='ocr_line' id='line_1_32' title="bbox 96 3750 1125 3842; baseline -0.01 -21"><span class='ocrx_word' id='word_1_208' title='bbox 96 3761 205 3822; x_wconf 82' lang='lat' dir='ltr'>beriora</span> <span class='ocrx_word' id='word_1_209' title='bbox 216 3763 314 3840; x_wconf 68' lang='lat' dir='ltr'>pob&#39;tis,</span> <span class='ocrx_word' id='word_1_210' title='bbox 323 3762 399 3842; x_wconf 74' lang='lat' dir='ltr'>qudm</span> <span class='ocrx_word' id='word_1_211' title='bbox 407 3758 569 3819; x_wconf 80' lang='lat' dir='ltr'>oratoribus.</span> <span class='ocrx_word' id='word_1_212' title='bbox 593 3759 715 3834; x_wconf 59' lang='lat' dir='ltr'>vetoris:</span> <span class='ocrx_word' id='word_1_213' title='bbox 730 3750 763 3816; x_wconf 56' lang='lat' dir='ltr'>&#39;et</span> <span class='ocrx_word' id='word_1_214' title='bbox 774 3758 804 3814; x_wconf 89' lang='lat' dir='ltr'>in</span> <span class='ocrx_word' id='word_1_215' title='bbox 814 3756 844 3814; x_wconf 83' lang='lat' dir='ltr'>ii·</span> <span class='ocrx_word' id='word_1_216' title='bbox 859 3779 874 3815; x_wconf 90' lang='lat'>2</span> <span class='ocrx_word' id='word_1_217' title='bbox 878 3775 906 3835; x_wconf 80' lang='grc' dir='ltr'>ς.</span> <span class='ocrx_word' id='word_1_218' title='bbox 920 3757 1064 3836; x_wconf 66' lang='lat' dir='ltr'>plerumque</span> <span class='ocrx_word' id='word_1_219' title='bbox 1122 3829 1125 3834; x_wconf 15' lang='grc' dir='ltr'><strong>Α</strong></span> 
     </span>
    </p>

    <p class='ocr_par' dir='ltr' id='par_1_4' title="bbox 91 3841 1065 4100">
     <span class='ocr_line' id='line_1_33' title="bbox 139 3841 1065 3927; baseline -0.006 -21"><span class='ocrx_word' id='word_1_220' title='bbox 139 3865 157 3927; x_wconf 83' lang='grc' dir='ltr'><em>ς</em></span> <span class='ocrx_word' id='word_1_221' title='bbox 176 3852 250 3926; x_wconf 60' lang='lat' dir='ltr'>raro]</span> <span class='ocrx_word' id='word_1_222' title='bbox 274 3849 339 3908; x_wconf 84' lang='lat' dir='ltr'>Vox</span> <span class='ocrx_word' id='word_1_223' title='bbox 361 3849 421 3907; x_wconf 71' lang='lat' dir='ltr'>rarb</span> <span class='ocrx_word' id='word_1_224' title='bbox 441 3867 504 3906; x_wconf 89' lang='lat' dir='ltr'>cum</span> <span class='ocrx_word' id='word_1_225' title='bbox 521 3848 568 3906; x_wconf 79' lang='lat' dir='ltr'>ad·</span> <span class='ocrx_word' id='word_1_226' title='bbox 593 3845 727 3918; x_wconf 65' lang='lat' dir='ltr'>cxfictun&#39;,</span> <span class='ocrx_word' id='word_1_227' title='bbox 740 3842 800 3900; x_wconf 80' lang='lat' dir='ltr'>rard</span> <span class='ocrx_word' id='word_1_228' title='bbox 812 3841 895 3900; x_wconf 79' lang='lat' dir='ltr'><strong>ctiam</strong></span> <span class='ocrx_word' id='word_1_229' title='bbox 907 3841 1065 3917; x_wconf 75' lang='lat' dir='ltr'>cxirfiarrtis</span> 
     </span>
     <span class='ocr_line' id='line_1_34' title="bbox 91 3931 648 4016; baseline -0.007 -20"><span class='ocrx_word' id='word_1_230' title='bbox 91 3935 170 4016; x_wconf 64' lang='lat' dir='ltr'>jostd</span> <span class='ocrx_word' id='word_1_231' title='bbox 182 3941 225 4011; x_wconf 90' lang='lat' dir='ltr'>(ut</span> <span class='ocrx_word' id='word_1_232' title='bbox 234 3935 292 4010; x_wconf 74' lang='lat' dir='ltr'>hie)</span> <span class='ocrx_word' id='word_1_233' title='bbox 307 3953 373 3994; x_wconf 85' lang='lat' dir='ltr'>voce</span> <span class='ocrx_word' id='word_1_234' title='bbox 382 3938 467 4004; x_wconf 81' lang='lat' dir='ltr'>eriam,</span> <span class='ocrx_word' id='word_1_235' title='bbox 486 3931 568 4012; x_wconf 88' lang='lat' dir='ltr'>figni·</span> <span class='ocrx_word' id='word_1_236' title='bbox 592 3947 648 3992; x_wconf 87' lang='lat' dir='ltr'><strong>etc.</strong></span> 
     </span>
     <span class='ocr_line' id='line_1_35' title="bbox 94 4015 1063 4100; baseline -0.003 -20"><span class='ocrx_word' id='word_1_237' title='bbox 94 4021 337 4099; x_wconf 78' lang='lat' dir='ltr'>ficat‚aliqnandn,</span> <span class='ocrx_word' id='word_1_238' title='bbox 348 4039 565 4098; x_wconf 86' lang='lat' dir='ltr'>nonnunquam:</span> <span class='ocrx_word' id='word_1_239' title='bbox 632 4021 651 4078; x_wconf 86' lang='lat'>6</span> <span class='ocrx_word' id='word_1_240' title='bbox 665 4016 801 4100; x_wconf 78' lang='lat' dir='ltr'>poeticum]</span> <span class='ocrx_word' id='word_1_241' title='bbox 822 4016 842 4074; x_wconf 87' lang='lat' dir='ltr'>i.</span> <span class='ocrx_word' id='word_1_242' title='bbox 856 4035 882 4076; x_wconf 88' lang='lat' dir='ltr'>e.</span> <span class='ocrx_word' id='word_1_243' title='bbox 902 4016 930 4076; x_wconf 84' lang='lat' dir='ltr'>id</span> <span class='ocrx_word' id='word_1_244' title='bbox 948 4015 1063 4077; x_wconf 83' lang='lat' dir='ltr'>verbum</span> 
     </span>
    </p>
   </div>
   <div class='ocr_carea' id='block_1_2' title="bbox 93 4101 1064 4252">
    <p class='ocr_par' dir='ltr' id='par_1_5' title="bbox 93 4101 1064 4252">
     <span class='ocr_line' id='line_1_36' title="bbox 93 4101 1064 4189; baseline -0.005 -23"><span class='ocrx_word' id='word_1_245' title='bbox 93 4127 155 4189; x_wconf 86' lang='lat' dir='ltr'>qno</span> <span class='ocrx_word' id='word_1_246' title='bbox 173 4107 250 4166; x_wconf 83' lang='lat' dir='ltr'>sensu</span> <span class='ocrx_word' id='word_1_247' title='bbox 270 4106 368 4168; x_wconf 82' lang='lat' dir='ltr'>iterum</span> <span class='ocrx_word' id='word_1_248' title='bbox 381 4105 482 4166; x_wconf 80' lang='lat' dir='ltr'>Noster</span> <span class='ocrx_word' id='word_1_249' title='bbox 494 4103 567 4165; x_wconf 84' lang='lat' dir='ltr'>idern</span> <span class='ocrx_word' id='word_1_250' title='bbox 592 4106 712 4188; x_wconf 84' lang='lat' dir='ltr'>priscum</span> <span class='ocrx_word' id='word_1_251' title='bbox 721 4125 753 4166; x_wconf 83' lang='lat' dir='ltr'>ac</span> <span class='ocrx_word' id='word_1_252' title='bbox 760 4101 906 4179; x_wconf 81' lang='lat' dir='ltr'>vetustum,</span> <span class='ocrx_word' id='word_1_253' title='bbox 926 4103 1002 4186; x_wconf 89' lang='lat' dir='ltr'>quod</span> <span class='ocrx_word' id='word_1_254' title='bbox 1012 4125 1064 4182; x_wconf 88' lang='lat' dir='ltr'>po·</span> 
     </span>
     <span class='ocr_line' id='line_1_37' title="bbox 958 4196 1063 4252; baseline 0 -1"><span class='ocrx_word' id='word_1_255' title='bbox 958 4196 1063 4252; x_wconf 73' lang='lat' dir='ltr'>&#39;e‘tarurn</span> 
     </span>
    </p>
   </div>
   <div class='ocr_carea' id='block_1_3' title="bbox 0 0 1444 4748">
    <p class='ocr_par' dir='ltr' id='par_1_6' title="bbox 0 0 1444 4748">
     <span class='ocr_line' id='line_1_38' title="bbox 0 0 1444 4748; baseline 0 1"><span class='ocrx_word' id='word_1_256' title='bbox 0 0 1444 4748; x_wconf 95' lang='lat' dir='ltr'> </span> 
     </span>
    </p>
   </div>
  </div>
 </body>
</html>
