2858 4746
353 389 429 485 Li
454 417 476 484 n
498 417 575 484 nn
623 388 685 486 ΙΙ.
738 417 829 516 52.·

73 532 157 646 gis,
178 526 206 614 fi
226 532 494 616 intolerantius
509 534 546 614 se
557 536 717 644 jatbant,
728 555 768 614 et
781 541 795 568 ²
810 531 1049 646 aequabilita·

77 668 171 728 tem
191 644 413 739 communis
426 645 526 754 juris
544 643 759 751 praestantia
773 645 971 754 dignitatis
986 665 1053 728 aut

77 760 258 838 fortunae
275 753 351 836 suae
369 754 586 836 transeunt:
612 783 700 865 quae
718 755 746 835 fi
774 757 1054 840 inflammanda

79 868 192 962 sunt,
215 865 385 946 maxime
404 864 613 946 dicendum
627 863 695 961 est,
720 894 800 946 non
820 866 893 946 effe
911 865 1054 950 virtute

80 997 218 1086 parm
235 976 373 1058 deinde
385 977 503 1056 etiam
515 977 620 1056 vitiis
632 996 746 1100 atque
759 977 923 1084 peccatis
935 1004 950 1084 t¹
965 997 1054 1060 tum

1080 413 1169 487 221

80 1090 243 1170 fierunt
257 1087 476 1170 honestiora
487 1107 601 1197 atque
611 1095 1053 1196 graviorutamefflnon
1092 1169 1096 1176 ,
1169 1111 1172 1122 ’

81 1199 166 1282 effe
180 1218 288 1280 tauta
301 1200 383 1280 ulla
395 1199 545 1294 merita,
557 1217 701 1307 quanta
712 1197 915 1282 insolentia
927 1201 1055 1282 homi·

84 1310 168 1406 nis,
195 1327 465 1420 quantumque
487 1289 696 1390 fastidium.
752 1309 819 1388 Ad
846 1310 1056 1395 sedandum

86 1440 243 1516 autem,
274 1447 419 1529 magno
438 1421 505 1500 illa
519 1421 663 1516 labore,
694 1421 847 1528 magnis
875 1419 1056 1530 periculis

85 1529 167 1614 effe
185 1549 306 1640 parta,
338 1559 410 1610 nec
428 1531 476 1612 ad
495 1531 608 1612 suum
626 1525 897 1627 commodum,
928 1532 989 1612 sed
1009 1533 1056 1612 ad

87 1645 263 1726 aliorum
282 1634 355 1724 effe
384 1642 549 1736 collata3
579 1641 744 1753 seseque,
774 1642 939 1750 fiquam
966 1643 1056 1751 glo-
1087 1735 1089 1746 γ

88 1753 192 1836 riam
207 1751 388 1862 peperiffe
402 1752 586 1846 videatur,
599 1751 747 1834 tametfi
761 1779 805 1833 ea
818 1780 898 1834 non
912 1753 957 1832 fit
977 1753 1053 1832 ini-

87 1893 172 1976 qua
190 1893 337 1946 merces
356 1862 534 1970 periculi,
556 1883 686 1944 tamen
702 1863 745 1942 eb
765 1891 844 1945 non
864 1863 1055 1960 delectari,

89 1987 297 2086 totamque
309 1974 469 2084 abjicere
481 1975 1056 2086 atquedeponere30mninoque
1159 2073 1161 2078 Ι

85 2086 377 2196 'perficiendum
391 2085 446 2166 est
472 2086 491 2195 (
518 2086 679 2167 uoniam
697 2087 870 2195 plerique
889 2085 976 2168 sunt
995 2089 1056 2168 in«

90 2197 191 2292 vidi,
209 2193 457 2306 maximeque
466 2115 522 2276 eii
540 2194 616 2276 hoc
631 2219 843 2278 commune
855 2199 1000 2278 vitium
1018 2217 1057 2278 et

91 2327 349 2418 perpetuum
365 2307 558 2388 invidetur
570 2325 700 2429 autern
714 2307 901 2429 prestanti
917 2309 1058 2390 floren-

92 2420 205 2529 tique
224 2420 424 2532 fortuuae),
454 2437 503 2498 ut.
526 2417 609 2498 haec
627 2418 761 2532 opinio
780 2417 992 2513 minuatur,
1019 2440 1058 2499 et

92 2530 167 2612 illa
183 2530 375 2622 excellens
389 2529 571 2638 opinione
590 2527 746 2608 fortuna
758 2554 852 2606 cum
863 2527 1058 2610 laboribus

92 2659 135 2720 et
153 2639 316 2722 miseriis
335 2639 516 2748 permista
533 2636 606 2718 esse
620 2637 806 2719 videatur.
835 2637 930 2748 Jam
944 2640 1057 2722 mise·

93 2750 263 2832 ricordia
281 2771 472 2844 movetur,
490 2750 517 2829 s1
536 2748 582 2845 is,
600 2747 668 2858 qui
687 2748 805 2842 audit,
831 2747 968 2854 adduci
986 2781 1056 2860 po·
1162 2791 1165 2798 ⁴

95 2860 185 2956 test,
212 2881 257 2942 ut
287 2861 368 2955 illa,
394 2889 483 2971 quae
511 2861 558 2942 de
583 2862 703 2942 altero
722 2859 981 2968 deplorentur,
1010 2863 1081 2977 ad,

94 2971 182 3054 suas
201 2997 259 3054 tes
278 2993 442 3068 revocet,
467 2998 562 3083 quau
587 2989 654 3050 aut
672 2970 804 3051 tulerit
821 2973 971 3097 acerbas
991 2993 1058 3054 aut

900 3102 1058 3178 tlmeat;

94 3211 213 3274 Tenent.
230 3211 334 3274 Heaut.
354 3209 418 3270 Aet.
435 3208 455 3268 ἱ.
478 3209 523 3270 Sc.
541 3231 564 3268 1.
589 3207 705 3268 Mediol.
723 3223 751 3268 et
764 3207 838 3268 MSri
853 3209 921 3270 Bod.
935 3211 1012 3271 Harl.
1028 3235 1056 3272 ι.

97 3301 172 3380 Ego,
190 3297 259 3380 qaod
276 3322 314 3356 me
337 3297 367 3357 iu
388 3315 411 3355 te
421 3297 460 3374 stt
480 3295 566 3356 facere
591 3294 686 3360 unet
694 3295 770 3352 Nov.
791 3294 837 3354 Sit
846 3295 946 3357 Noster
955 3299 988 3357 de
998 3298 1057 3358 off.
1101 3333 1106 3345 ·

97 3388 213 3466 dignm
242 3388 379 3444 invenero:
416 3398 444 3442 et
466 3382 568 3465 ibidem
593 3380 613 3441 i.
630 3403 645 3440 2
649 3397 678 3459 ς.
715 3381 747 3438 In
769 3381 852 3439 liberis
873 3385 934 3443 verb
948 3385 1057 3464 populis,

98 3473 147 3532 Sc·
179 3491 208 3532 2.
246 3471 348 3541 Vereor,
388 3491 418 3528 ne
445 3469 511 3549 quid
538 3467 568 3527 in
592 3483 617 3525 et
640 3471 668 3524 in
691 3462 765 3545 juris
790 3468 961 3546 aequabilitate
988 3491 1061 3530 exer-¹

98 3559 172 3616 illum
206 3559 290 3615 iratus
321 3557 380 3635 plus
395 3557 463 3632 fitis
501 3551 570 3614 faxit
594 3557 669 3614 tenth
696 3561 771 3614 etiam
792 3555 969 3634 estfacilitas.
1006 3558 1060 3620 Sed

93 3659 183 3728 pater.
594 3641 664 3721 saepe
685 3642 807 3719 pluribus
833 3642 951 3720 ejusdem
973 3659 1061 3722 prope·

144 3754 162 3791 2
175 3729 372 3811 aequabilitatem
387 3729 569 3808 communisju-
595 3729 797 3808 significationis
809 3731 898 3791 verbis
915 3731 999 3790 utitur
1010 3731 1059 3792 Cia

101 3819 155 3895 ris]
167 3814 571 3898 DisplicuitLambinovulgata
595 3837 667 3888 cero,
689 3831 726 3886 ¹ut
747 3815 785 3888 id,
817 3815 929 3896 dequo
951 3815 1061 3894 dicitur,

101 3921 161 3964 vox
170 3908 312 3974 mnis,
332 3923 395 3982 quae
414 3902 449 3962 ad
467 3903 569 3964 sensum
596 3903 701 3984 plenius
715 3903 889 3983 exprimatur.

100 4011 163 4052 non
183 3989 327 4050 necesaria
338 3987 495 4060 uidebatur:
515 3991 571 4050 De·
637 4015 653 4070 3
676 4014 722 4050 non
742 3995 1060 4074 effltantatdlamrita‚]

103 4075 171 4138 tevit
197 4072 282 4154 igitur
302 4073 467 4148 Lambinus,
495 4078 571 4138 etei
597 4077 1061 4160 Iuexconjetuntlambinilege

103 4158 281 4228 consentium
297 4159 432 4226 editiones
451 4161 527 4226 Vnt
547 4180 576 4228 et
596 4183 624 4228 et
636 4164 793 4234 auttonnte
805 4165 880 4229 MSti
892 4165 977 4230 Norf.
991 4167 1063 4226 Vul-

999 4270 1063 4333 gata
