2864 4732
228 359 231 364 ’
353 359 573 448 Linou
620 357 680 448 ll.
735 383 812 478 15.
943 345 948 358 ’
1076 346 1214 476 153¹¹

77 501 183 592 suas,
204 517 273 577 aut
292 499 358 607 qui
379 497 430 578 ita
450 499 674 607 loquuntur,
694 521 737 580 ut
756 499 957 578 videantur
975 523 1043 578 vo·

76 610 194 716 luiss'e
214 608 288 689 effe
303 609 429 703 nobo,
450 613 518 717 qui
538 637 615 688 non
635 609 766 690 sumus
785 611 1040 704 eruditiflimi,·

72 719 309 804 familiares.
369 719 440 798 Sed
461 721 555 800 illuc
575 721 700 800 redeo.
1217 801 1220 809 ,

136 830 356 924 Videtisne,
397 851 562 910 uantum
577 851 720 910 munus
739 832 782 912 srt
801 831 959 912 oratoris
979 830 1041 910 hi·
1086 830 1154 904 XV·
1278 865 1288 874 -

75 939 222 1023 storia?
243 942 345 1024 haud
366 860 455 1033 scio,
472 969 519 1020 an
540 937 703 1026 flumine
722 943 904 1022 orationis
924 961 962 1020 et
980 969 1044 1021 va·

76 1051 217 1134 rietate
236 1053 481 1136 maximum:
508 1079 630 1161 neque
646 1072 775 1138 tamen
791 1081 877 1131 eam
897 1049 1042 1158 reperio

75 1161 246 1272 usquam
265 1161 465 1269 separatim
481 1161 705 1248 instructam
724 1165 924 1244 rhetorum
944 1193 1041 1269 prae·

76 1273 223 1378 ceptis:
241 1273 332 1352 *sita
345 1272 430 1352 sunt
441 1271 547 1352 enim
561 1293 646 1352 ante
658 1275 802 1354 oculos,
838 1274 1043 1385 Namquie

77 1383 214 1478 nescit,
234 1385 403 1490 primam
418 1383 490 1462 elie
510 1381 680 1466 historiae
701 1384 843 1492 legem,
867 1385 930 1463 Ne
948 1382 1043 1494 quid

76 1493 163 1594 §alsi
185 1495 310 1573 dicere
330 1495 483 1572 audeat?
504 1493 652 1586 deinde,
665 1493 747 1571 ⁵Ne
762 1495 856 1604 quid
872 1492 948 1576 ,veri
965 1517 1045 1575 non

77 1605 246 1684 audeat?
277 1603 339 1682 Ne
354 1633 429 1715 qua
445 1603 604 1711 suspicio
619 1602 751 1712 gratiae
765 1605 869 1684 lit'in
882 1604 1044 1684 scriben—

78 1715 162 1794 do?
195 1713 258 1792 Ne
276 1743 350 1824 qua
369 1713 596 1794 simultatis?
627 1713 724 1794 Haec
744 1709 886 1796 scilicet
906 1715 1043 1795 lunda·

76 1844 219 1904 menta
238 1845 327 1905 nota
347 1823 432 1904 sunt
451 1825 646 1904 omnibus,
695 1825 777 1933 Ipsa
798 1847 927 1906 autem
942 1853 1043 1905 exaea

77 1934 253 2016 dificatio
267 1935 389 2042 posita
407 1935 462 2014 est
482 1935 522 2014 in
542 1937 653 2016 rebus
672 1955 710 2018 et
729 1938 866 2017 verbis.
896 1938 1045 2017 Rerum

80 2045 181 2129 ratio
195 2045 371 2126 ordinem
388 2065 610 2152 temporum
628 2047 819 2140 defiderat,
840 2046 1045 2157 regionum

80 2155 400 2263 descriptionem:
415 2159 504 2244 uult
519 2154 636 2233 etiam
656 2156 858 2268 (quoniam
875 2160 916 2236 in
932 2159 1044 2237 rebus

81 2267 236 2376 magnis
255 2264 517 2376 memoriaque
536 2265 662 2372 dignis
682 2267 836 2350 consilia
855 2269 1043 2374 primum,

81 2377 223 2458 deinde
242 2368 339 2470 adla,
359 2375 500 2484 „postea
520 2395 678 2454 eventus
698 2375 979 2489 exspectantur)
1006 2395 1045 2456 et

82 2489 129 2590 de
142 2487 309 2568 consiliis
322 2485 536 2596 significari,
547 2484 642 2595 quid
656 2484 814 2592 scriptor
827 2489 984 2596 probet;
1005 2505 1044 2566 et

84 2599 124 2692 in
146 2601 258 2678 rebus
278 2599 388 2718 gellis
408 2595 588 2677 declarari
609 2623 687 2675 non
707 2595 851 2690 solnm,¹
868 2595 962 2708 quid
982 2627 1043 2678 ac·

83 2731 172 2809 tum
193 2730 259 2789 aut
279 2711 427 2788 diuum
442 2705 499 2802 fit,
528 2707 723 2788 sedetiam
741 2711 960 2817 quomode}
988 2728 1042 2805 et,

84 2816 177 2920 edm
196 2820 243 2899 de
262 2839 402 2897 eventu
423 2817 585 2911 dicatur,
601 2838 643 2897 ut
655 2819 790 2898 eauflte
805 2820 1045 2928 explicentur

83 2959 223 3020 omnes
238 2933 299 3009 vel
312 2923 497 3022 casuS‚vel
513 2928 716 3036 sapientiae,
724 2932 785 3009 vel
798 2932 1042 3010 temeritatis?

83 3039 373 3150 hominumque
393 3037 562 3145 ipsorum
592 3065 670 3118 non
695 3037 824 3140 lollrm'
839 3067 896 3120 res
915 3044 1043 3149 gellae,

84 3151 296 3264 sedetiam,
314 3148 381 3262 qui
402 3151 504 3228 fama
524 3177 566 3228 ac
586 3149 771 3228 nomine⁶
791 3153 966 3246 excellat,
998 3153 1045 3232 de

84 3262 267 3374 cujusque
283 3261 361 3341 vita
380 3281 494 3369 atque
507 3279 655 3342 natura.
681 3259 901 3342 Verborum
914 3283 1045 3344 autem

776 3403 779 3408 ·
930 3394 1043 3468 ratio,

103 3515 273 3576 omoonv.
283 3513 342 3572 Bal.
351 3513 420 3572 Bod.
434 3531 460 3574 et
474 3509 551 3574 Harl.
582 3514 711 3576 Historici
735 3514 855 3576 officium
882 3519 942 3588 else,
976 3513 1047 3577 nihil

105 3623 140 3662 uo
162 3622 226 3660 com
239 3599 372 3680 plerisque
391 3619 442 3659 vet.
456 3601 552 3660 editio-
581 3603 654 3680 qood
668 3625 759 3662 verum
773 3605 819 3675 est,
835 3625 890 3684 prae
908 3619 982 3665 metu
993 3620 1045 3664 etc·
1103 3623 1114 3640 ⁶

87 3689 183 3748 nibus:
206 3691 345 3771 vulgatum
358 3689 419 3746 err)
435 3689 553 3746 amente
582 3692 711 3749 intaftunr
725 3692 884 3770 relinquere.

86 3775 229 3834 Ciceronis
238 3775 344 3854 prorsus
355 3775 491 3836 abhorret:
504 3797 553 3852 po·
622 3780 639 3838 ὑ
669 3777 794 3854 excellcre]
833 3781 942 3854 Vulgo,—
968 3781 1045 3836 excel·

87 3861 134 3920 lest
148 3861 224 3920 enim
244 3861 307 3940 quis
328 3859 397 3919 nihil
419 3883 474 3920 non
493 3863 554 3918 veo
582 3861 651 3920 lant:
671 3863 715 3920 sed
734 3864 829 3940 sequor
842 3861 974 3922 editiones
986 3865 1045 3924 Ve-

88 3948 185 4036 piccre,
216 3949 279 4008 cunr
312 3946 421 4008 interim
443 3937 551 4028 ¹aliquid
584 3966 636 4006 uer.
656 3947 770 4008 illediol.
784 3967 811 4008 et
825 3950 972 4008 Lambini:
991 3971 1047 4012 vox

87 4041 144 4096 vrri
166 4035 214 4106 etl,
235 4035 310 4113 quod
332 4039 388 4094 nod
411 4038 490 4095 audet
512 4037 553 4094 di·
581 4033 699 4112 rry'ujpre,
719 4055 780 4112 quae
794 4035 920 4114 sequitur,
941 4036 1048 4098 videtur

88 4139 165 4212 ¹tcto:
186 4119 287 4182 Cicero
298 4120 383 4182 voluit
395 4121 553 4203 significare,
582 4119 712 4200 postulare
721 4123 834 4181 verbum
845 4123 984 4204 singularis
995 4141 1046 4180 nu·

970 4229 1046 4273 mene
