2864 4732
164 359 287 496 ’χ
374 387 686 489 Lrunnl.
745 415 820 508 53.

1074 409 1187 506 :105
1302 455 1310 467 ‚

84 531 278 645 quaque,
309 529 427 610 etiam
457 531 484 609 s1
507 559 666 638 corpora
695 549 805 638 capta
829 531 902 612 fint
927 530 1059 625 annis,
1186 609 1190 622 ,

86 663 164 726 eut
178 641 385 724 constritta
399 641 578 734 vinculis,
594 663 726 748 tamen
741 641 854 724 suum
867 645 932 751 jus
948 663 1062 752 atque
1161 721 1163 731 ,

84 755 280 838 omnium
299 781 430 832 rerum
450 753 686 858 impunitam
701 753 920 834 libertatem
935 773 1064 834 tenere

88 867 246 947 debeat.
277 864 478 960 Quaevero
496 863 688 956 addidisti,
711 863 805 944 Non
821 863 941 946 modo
958 865 1062 954 sena-

88 997 185 1056 tum
215 975 353 1054 servire
374 977 464 1084 poffe
492 969 653 1082 populo',
687 973 753 1054 sed
777 976 895 1054 etiam
915 973 1060 1072 debere3
1185 1019 1187 1028 =

89 1089 186 1200 quis
198 1086 273 1166 hoc
289 1085 553 1194 philoiophus,
564 1109 644 1165 tarn
657 1087 802 1178 mollis,
815 1108 895 1169 tam
908 1088 1060 1196 langui-

91 1201 186 1293 dus,
217 1217 298 1276 tam
318 1219 533 1290 enervatur,
566 1219 648 1277 tarn
669 1197 803 1278 omnia
821 1201 868 1278 ad
889 1201 1062 1306 volupta-
1092 1259 1095 1263 -

91 1331 180 1389 tem
210 1308 379 1416 corporis
409 1309 657 1418 doloremque
690 1309 872 1401 referem,
902 1313 1064 1416 probare

91 1419 243 1530 poffet?
274 1419 459 1498 Senatum
478 1417 612 1503 servire
632 1421 789 1526 populo,
816 1420 879 1498 cui
898 1421 1064 1527 populus

94 1533 177 1639 ipse
189 1529 414 1610 moderandi
426 1529 632 1636 etregendi
646 1529 701 1608 sui
714 1529 1064 1642 potestatem,quafi

91 1641 284 1753 quasdam
303 1641 483 1732 habento,
503 1639 734 1746 tradidisset?

156 1754 292 1860 Itaque
310 1749 411 1844 haec,
448 1751 539 1830 curn
568 1753 590 1830 e
609 1769 647 1828 te
666 1750 856 1865 divinitus·
871 1780 944 1861 ego
963 1753 1065 1836 dieta

91 1865 311 1955 arbitrarer,
332 1861 375 1940 P.
393 1860 564 1940 Rutilius
579 1861 718 1954 Rufum
733 1863 861 1958 ,homo
875 1865 1010 1946 doetus
1025 1886 1065 1946 et

92 1973 356 2084 phisosophiae
375 1971 539 2066 deditus,
560 2001 640 2052 non
659 1973 778 2056 modo
795 2004 934 2080 parum
954 2005 1063 2058 com·

94 2086 230 2178 mode,
262 2083 324 2163 sed
352 2083 473 2162 etiarn
500 2083 662 2190 turpiter
687 2104 724 2164 et
749 2084 934 2194 flagitiose
963 2089 1065 2169 dieta

93 2197 174 2284 effe
206 2196 368 2276 dicebat.
428 2193 646 2304 ³Idemque
677 2195 1062 2294 ServiumGalbam,

95 2303 869 2421 quemhominernprobecommeminiffe
881 2307 917 2386 se
929 2309 1065 2406 aiebat,

96 2418 335 2528 pergraviter
350 2415 623 2523 reprehendere
643 2415 797 2510 solebat,
816 2417 919 2526 quod
938 2418 986 2513 ir,
1007 2419 1063 2502 L.

97 2530 305 2612 Scribonio
323 2525 579 2635 quaestionem
593 2527 636 2606 in
654 2555 746 2606 eum
762 2527 912 2622 ferenti,
931 2531 1065 2636 populi

98 2641 402 2721 misericordiam
414 2635 647 2730 concitasset,
663 2638 754 2718 ciun
767 2637 824 2718 M.
837 2637 949 2735 Cato,
961 2641 1076 2722 Gal-'

101 2754 161 2833 bae
190 2752 316 2860 gravis
337 2771 554 2858 atqueflacer
582 2747 780 2844 inimicus,
812 2749 934 2856 aspere
964 2753 1065 2860 apud

99 2865 293 2973 populum
312 2862 537 2940 Romanum
567 2877 605 2938 et
624 2859 874 2942 vehementer
892 2861 982 2944 effet
1000 2866 1064 2943 lo-

1107 1773 1219 1836 Lm.-
1320 1731 1367 1804 ⁵·

99 2995 235 3068 eutus3
253 3001 372 3084 quam
385 2969 604 3052 orationem
615 2969 656 3049 in
672 2971 899 3080 Originibus
913 2971 988 3054 suis
1000 3001 1066 3064 ex·
1186 3044 1193 3060 ,

99 3085 227 3194 posuit
255 3082 345 3190 ipse.
404 3075 875 3192 Reprehendebat.igitur
894 3085 1067 3167 Galbam

100 3193 293 3288 Rutilius,
309 3195 415 3304 quod
432 3191 464 3270 is
480 3191 526 3270 C.
540 3191 696 3298 Sulpitii
711 3193 836 3288 Galli,
858 3194 1063 3306 propinqui

101 3308 174 3400 sui,
192 3309 242 3405 Q.
254 3304 451 3413 pupillum
466 3301 594 3380 filium
609 3303 685 3408 ipse
699 3330 807 3410 poene
822 3305 864 3385 in
880 3305 1065 3387 humeros

101 3413 471 3524 suosextuliffet,qui
484 3413 599 3520 patris
607 3413 1066 3498 clariffimirecordation'e

920 3573 923 3580 ’
1026 3549 1064 3606 et

102 3723 233 3798 misr-iffi
251 3716 401 3796 conjungi:
426 3715 475 3794 qui
498 3714 572 3776 enim
599 3731 626 3774 et
651 3717 732 3776 Cant.
758 3716 966 3797 editionumque
991 3729 1064 3776 rete·

103 3808 169 3868 dicit
186 3809 212 3868 se
225 3807 346 3884 aliquem
360 3807 428 3880 unffi,
452 3802 511 3861 satis
531 3803 572 3861 in·
595 3822 668 3874 rum,
705 3806 787 3864 verba
819 3809 879 3882 ruffe
897 3820 934 3862 ,ει
967 3801 1064 3864 delevi.

104 3896 165 3957 nuit
200 3896 228 3954 se
262 3895 339 3952 iilum
376 3894 573 3966 commeminffl:
598 3893 644 3952 Sic
665 3888 705 3946 iii.
720 3909 768 3968 50.
787 3891 924 3971 Antipater
945 3891 1067 3951 ilIeSido-
1115 3957 1117 3964 Ι

104 3983 274 4044 notrorimte
318 3978 401 4058 igitur
447 3978 572 4036 omnium
599 3987 663 4054 nius,
692 4001 763 4060 quem
791 3995 819 4040 ru
839 3979 936 4064 probi,
968 3979 1066 4052 Caum,

103 4069 250 4132 MStorum
275 4067 369 4126 Oxon.
390 4082 418 4124 et
436 4064 519 4122 Putat.
550 4063 571 4121 i·
600 4069 757 4134 meministi.

103 4168 215 4238 remque
237 4153 324 4216 Norf.
342 4153 436 4218 Mean.
450 4151 530 4212 Harl·
547 4173 572 4210 2.

968 4251 988 4308 4
1003 4239 1068 4287 lam·
