2890 4752
307 333 310 342 ,
355 369 570 464 Lrana
616 373 703 465 111.
758 401 836 490 14.
1110 400 1206 500 329

123 512 374 618 ntaputanti
403 511 472 622 qui
491 511 680 607 distinete,
698 513 775 623 ‘qui
794 511 998 620 explicatd,
1018 513 1086 623 qui

121 623 375 716 abundanter,
393 623 461 734 qui
481 623 702 704 illuminate
721 645 760 704 et
774 625 886 704 rebus
905 643 944 703 et
959 625 1087 706 verbis

119 733 272 822 dicunt,
291 753 330 810 et
349 733 389 816 in
405 734 483 841 ipsa
496 733 669 816 oratione
680 735 783 844 quasr
798 735 995 844 quendam
1009 764 1082 816 nu·

118 871 279 928 merum
298 844 524 954 versumque
542 844 781 939 ‘conficiunt3
809 847 858 962 id¹
878 847 949 941 est,
979 841 1088 956 quod

120 955 212 1036 dico
229 956 372 1038 ornate:
400 959 468 1066 qui
488 955 592 1036 idem
612 957 665 1035 ita
683 958 944 1052 moderantur,
962 976 1007 1034 ut
1027 984 1084 1036 re-

120 1094 228 1160 rum,
245 1087 290 1146 ut
308 1066 553 1173 personarum
565 1059 770 1176 dignitates
789 1069 934 1162 ferunt,
951 1065 979 1146 ii
998 1066 1085 1147 sunt
1113 1083 1117 1089 “

120 1177 165 1256 in
180 1200 227 1258 eo·
241 1205 380 1284 genere
395 1177 576 1258 laudandi
596 1177 733 1272 laudis,
749 1179 853 1288 quod
871 1207 948 1288 ego
960 1191 1084 1289 aptum

120 1291 189 1368 ²et
210 1316 400 1396 congruens
419 1289 593 1370 nomino.
642 1289 723 1386 Qui
746 1289 800 1368 ita
819 1289 999 1384 dicerent,
1018 1316 1084 1372 eos

119 1399 278 1506 negavit
297 1397 423 1478 adhuc
443 1399 479 1478 se
499 1397 628 1478 vidiss'e
645 1400 858 1493 Antonius,
887 1421 926 1480 et
946 1400 992 1480 iis
1007 1399 1084 1480 hoc

120 1536 269 1592 nornen
288 1508 384 1590 dixit
403 1509 606 1621 eloquentia
624 1509 712 1592 solis
728 1499 801 1590 elie
819 1510 1082 1591 tribuendum.

120 1622 253 1720 Quare
265 1619 519 1714 omnesistos,
530 1647 594 1700 me
610 1623 775 1713 auetore,
788 1619 955 1700 deridete
969 1640 1084 1731 atque

118 1731 379 1826 contemnite,
399 1731 467 1841 qui
487 1729 523 1812 se
542 1729 699 1827 horum,
728 1731 796 1855 qui
815 1759 920 1812 nunc
940 1731 993 1812 ita
1012 1759 1082 1839 ap·
1153 1764 1156 1769 ·

117 1842 332 1953 pellantur,
350 1842 551 1924 rhetorum
571 1862 767 1950 praecepus
781 1869 942 1924 omnem
957 1863 1083 1923 orato-

119 1963 210 2032 rum
232 1953 314 2032 vim
333 1955 558 2060 complexos
577 1953 650 2032 else
669 1953 925 2047 arbitrantur3
956 1981 1082 2062 neque
1120 1979 1124 1995 ¹

119 2063 263 2155 adhuc,
274 2092 393 2172 quam
408 2063 609 2170 personam
621 2085 792 2160 teneant,
808 2063 982 2174 autquid
997 2095 1083 2172 pro-

118 2174 315 2268 fiteantur,
335 2173 551 2282 intelligere
571 2195 790 2281 potuerunt.
812 2174 964 2256 Verum
977 2203 1084 2256 enim
1211 2251 1220 2270 ,
1334 2169 1342 2178 ’

117 2285 279 2380 oratori,
295 2311 386 2394 quae·
397 2287 484 2365 sunt
503 2284 544 2366 in
559 2285 769 2366 hominum
784 2285 877 2380 vita,
890 2286 1084 2393 (quando-

116 2396 281 2504 quidem
299 2395 340 2474 in
358 2422 403 2477 ea
422 2395 588 2476 versatur
608 2414 748 2490 orator,
778 2414 892 2504 atque
910 2423 954 2475 ea
972 2395 1027 2474 est
1045 2397 1082 2474 ei

116 2507 286 2615 lubjeela
325 2507 534 2619 materies),
565 2506 698 2588 omnia
735 2505 904 2616 quaesita,
936 2506 1081 2601 audita,
1174 2576 1176 2582 ,

117 2619 236 2712 Ietta,
258 2617 459 2725 disputata,
477 2620 651 2711 tradate,
672 2617 814 2726 agitata
832 2615 905 2696 ell'e
924 2617 1079 2702 debent.

116 2726 192 2810 Est
211 2729 319 2808 enim
333 2728 554 2838 eloquentia
573 2728 836 2840 unaquaedam
854 2727 901 2806 de
920 2726 1082 2810 summis

117 2837 352 2933 virtutibu83
380 2865 620 2950 quamquam
649 2838 736 2918 sunt
765 2867 901 2918 omnes
922 2840 1082 2920 virtutes

116 2951 287 3057 aequales
306 2972 344 3030 et
362 2979 491 3057 pares3
520 2951 588 3034 sed.
606 2971 738 3030 tamen
757 2950 812 3030 est
840 2947 981 3056 species
1009 2951 1087 3032 alia

115 3059 246 3170 magis
262 3061 334 3141 alie
353 3060 517 3144 formosa
537 3081 574 3140 et
593 3060 774 3142 illustris:
803 3061 896 3141 sicut
916 3063 997 3142 haec
1013 3062 1084 3156 vis,

1001 3199 1093 3281 qua

158 3329 339 3403 oirrr'denn]
369 3329 425 3389 Hic
446 3331 529 3392 habet
552 3336 588 3389 ir·
619 3334 678 3410 post
696 3337 758 3394 edm
779 3337 893 3412 dixerat,
913 3361 984 3419 quem
1003 3341 1083 3410 deum,

117 3417 203 3474 ridem
216 3431 244 3474 et
262 3417 354 3492 postea
370 3431 474 3496 purant,
492 3437 588 3497 quam·
619 3435 646 3477 ut
664 3425 703 3478 ira
718 3423 809 3495 dcam,
829 3413 895 3482 inter
913 3426 1019 3483 homines
1034 3443 1084 3506 pu·

117 3502 160 3562 vis
174 3503 359 3581 praeceffiffent
372 3524 453 3564 voces
471 3527 539 3563 nemo
557 3503 591 3579 est
618 3511 695 3566 tant?
717 3510 863 3592 subjungit,
890 3517 936 3592 qui
953 3513 1037 3568 etum
1056 3527 1088 3570 et

116 3591 273 3649 ardnr'ratus.
312 3589 491 3668 Subintellige
512 3611 591 3648 omnes
618 3593 757 3672 conficiunt.

117 3671 239 3747 homines,
270 3677 305 3734 de
333 3695 390 3755 quo
408 3676 476 3748 ¹vide
499 3693 590 3736 notam
663 3683 737 3757 rsa-d
753 3685 885 3761 conrmfir]
907 3684 952 3744 Sc.
963 3683 1084 3758 stdom-

114 3765 288 3842 sequentem.
328 3763 407 3823 Solet·
421 3764 522 3824 Noster
541 3764 589 3822 eli·
618 3765 661 3826 nie
684 3771 776 3828 homo
790 3773 925 3848 cmuenfir:
948 3770 1084 3848 precelle-

115 3851 232 3928 quando
245 3871 371 3910 mimeros
385 3867 498 3923 mutam,
520 3873 588 3931 prae·
618 3869 659 3912 rat
670 3854 744 3912 enim
755 3876 823 3912 nemo
834 3857 938 3914 extulit:
951 3855 1014 3913 vide
1022 3875 1085 3934 quae
1170 3861 1176 3876 '

115 3937 212 4004 sertim
225 3939 289 3996 cum
302 3957 344 4008 ea,
357 3957 419 4016 quae
429 3939 463 3998 de
475 3938 589 3997 homine
617 3939 674 3999 dixi
688 3941 718 3999 in
730 3941 808 4000 Noti
821 3943 854 4001 ad
867 3965 897 4022 p.
913 3962 977 4002 ποι.

117 4022 197 4095 dicit,
229 4025 263 4082 de
282 4022 359 4082 omni
385 4025 498 4086 homine
516 4025 589 4084 dieu
657 4049 674 4088 2
713 4043 737 4084 et
777 4049 909 4108 congruens
948 4029 1083 4106 morian]

117 4111 172 4172 erte
192 4107 308 4189 intelligi
331 4113 405 4176 uelit.
445 4111 491 4174 Sic
507 4114 590 4198 paulo
618 4114 660 4176 Ira
679 4105 841 4190 Lambinus,
880 4133 907 4178 et
935 4115 1002 4184 edit.
1024 4117 1085 4175 Ve-

1027 4215 1099 4270 neh.
