2878 4748
227 545 229 553 Α
329 429 567 522 Lrenn
619 431 706 523 ΙΙΙ.
767 457 843 549 ²4·
1091 463 1189 563 349

93 569 182 654 citd
211 575 393 680 potuerit,
421 555 638 684 numquam
656 574 819 658 omnino
844 573 953 684 pollit
979 601 1065 686 per-

95 677 267 776 discere.
1107 680 1110 690 '

160 794 269 902 Jam,
278 795 375 903 jam,
391 795 516 906 inquit
528 796 1063 906 CatuluS,·intelligo.Cralle,
1087 823 1200 890 XXIV.
1238 823 1244 832 “

93 903 199 1013 quid
217 903 336 1001 dicae,
367 925 405 986 et
433 908 588 986 hercule
613 905 790 988 allentior
803 934 827 988 t·
845 907 930 989 satis
949 907 1063 990 video

95 1013 177 1118 tibi
200 1015 354 1095 homini
374 1017 421 1098 ad
438 1015 730 1124 perdiscendum
748 1019 934 1100 acerrimo
953 1021 1064 1100 adea

97 1127 479 1236 cognoscenda‚quae
495 1127 602 1222 dicis,
617 1127 726 1211 fuifl'e
740 1129 940 1237 temporie.
972 1128 1063 1210 Per-

94 1236 224 1344 gisne,
239 1237 367 1347 inquit
378 1236 545 1331 Craffus,
559 1265 636 1333 me,
651 1266 740 1351 quae
754 1239 897 1340 dicam,
915 1239 961 1319 de
979 1267 1062 1338 me,
1149 1247 1150 1254 '

98 1373 186 1426 non
207 1347 253 1427 de
270 1375 311 1426 re
330 1370 462 1455 putare
481 1349 630 1440 dicere?
659 1350 733 1428 Sed
751 1351 854 1459 jam,
874 1350 900 1429 s1
921 1352 1062 1458 placet,
1140 1411 1144 1420 .

101 1458 153 1538 ad
181 1456 355 1539 instituta
375 1461 587 1541 redeamus.
642 1457 872 1554 Mihi'verd,
899 1459 1066 1541 Catulus

98 1567 245 1677 inquit,
271 1571 407 1676 placet.
449 1569 564 1650 Tum
580 1567 745 1664 Crestus,
773 1567 969 1670 Quorsum
988 1569 1065 1678 igin

100 1699 170 1759 tur
188 1679 271 1760 haec
286 1680 442 1788 speetat,
456 1681 599 1792 inquit,
614 1699 697 1760 tam
710 1681 829 1790 longa
842 1699 881 1761 et
893 1699 976 1760 tam
989 1679 1075 1784 altri¹

98 1791 266 1897 repetita
282 1793 431 1872 oratio?
450 1791 513 1871 hae
529 1793 617 1872 duae
634 1809 772 1898 partes,
786 1818 871 1900 quae
886 1791 987 1876 mihi
1002 1792 1063 1871 su·

98 1901 275 2006 pessunt,
305 1901 542 1983 illustrandae
561 1901 759 1996 orationis,
779 1929 822 1982 ac
841 1903 960 1984 totius
980 1901 1064 1982 elo·

130 2012 272 2094 uentiae
289 2013 549 2107 cumulandae,
577 2040 742 2122 quarum
762 2013 880 2094 altera
898 2011 972 2094 dici
991 2039 1062 2120 po-

97 2039 220 2203 dulat
237 2121 381 2217 ornate,
409 2125 526 2203 alteru
548 2123 648 2230 apte,
678 2122 780 2204 hanc
798 2121 943 2205 habent
960 2123 1061 2218 vim,
1085 2213 1086 2220 Ν

99 2249 149 2312 ut
168 2231 213 2312 fit
224 2232 343 2342 quim
363 2234 531 2314 maxime
546 2233 729 2342 jucunda,
757 2233 875 2341 qulam
894 2231 1064 2314 maxime

99 2341 145 2423 in
160 2341 286 2424 sensus
299 2349 452 2438 eorum.
459 2341 526 2453 qui
541 2339 715 2440 audiunt,
730 2341 880 2437 influat,
892 2363 931 2424 et
944 2341 1064 2452 quaint

94 2453 282 2562 plurimis
301 2455 346 2536 fit
363 2455 476 2534 rebus
495 2451 690 2533 instructa.
732 2449 1064 2534 'Instrumentum

101 2583 234 2644 autem
253 2565 328 2648 hoc
348 2563 508 2661 forense,
528 2561 759 2672 litigiosum,
780 2587 877 2660 acre,
896 2565 1089 2645 trastum‘

99 2675 267 2784 exvulgi
277 2672 726 2784 opinionibue,exiguum
737 2671 942 2783 laudatque
953 2699 1064 2754 men-

101 2784 238 2866 dicum
251 2786 325 2868 est:
355 2786 454 2866 illud
472 2784 599 2869 rursus
619 2782 762 2893 ipsum,
783 2785 890 2893 quod
907 2785 1067 2867 tradunt

99 2893 179 2990 isti,
198 2897 267 3006 qui
284 2899 513 3006 profitentur
530 2896 566 2977 se
582 2894 733 2976 dicendi
748 2892 963 3082 mapistr'on
983 2921 1065 2976 non

99 3006 278 3093 multum
295 3007 351 3090 est
365 3011 501 3120 majus,
515 3006 634 3120 quim
647 3005 746 3087 illud
764 3033 815 3087 vu
833 3032 922 3114 gare
937 3034 980 3087 ac
999 3007 1082 3097 foa

939 3115 1063 3200 reuse.

99 3225 139 3286 do
158 3226 189 3288 in
206 3227 265 3289 otio
282 3227 391 3310 recolas,
409 3244 488 3290 erut
509 3249 565 3290 me·
596 3227 670 3308 quali
689 3227 778 3288 studio
800 3240 828 3286 et
848 3225 979 3288 defiderio
997 3247 1063 3306 pro-,

98 3333 164 3373 mor
191 3314 224 3376 fis
251 3335 344 3376 earum
371 3335 471 3390 rerum,
500 3337 568 3397 quar
598 3313 736 3395 gratiendi
760 3313 948 3378 incenduntur.
1006 3368 1011 3377 ,

100 3420 172 3480 puer
180 3401 420 3464 didicerieredin
430 3406 483 3464 hoc
492 3425 567 3464 eom·
640 3422 652 3460 1
684 3417 714 3459 ar
742 3401 825 3474 alit]
864 3399 961 3461 Msns
986 3399 1065 3458 Harl.

100 3488 194 3562 munia
208 3489 246 3550 est
263 3488 390 3550 omnium
408 3489 567 3552 discentium
599 3489 649 3548 sec.
680 3487 771 3560 habet,
800 3502 825 3542 cr
850 3486 899 3547 alii
911 3508 919 3554 ;
960 3483 1090 3544 fortalle-

100 3595 184 3648 error,
204 3593 236 3638 ut
257 3578 362 3656 semper
383 3577 567 3658 aliquidulte·
597 3573 706 3635 retius.
823 3643 824 3646 Ἴ

98 3663 158 3724 sits
169 3663 270 3724 discere
279 3664 374 3737 velint,
393 3679 424 3724 ut
436 3684 519 3724 omne
528 3665 567 3738 id,
639 3658 878 3736 zlrfimmentum]
917 3655 989 3720 Hac
1010 3675 1065 3716 vox

100 3751 176 3830 quod
195 3749 332 3830 ignorant,
351 3748 567 3812 fibidilcendum
599 3745 731 3828 significat
752 3763 835 3804 omne
854 3743 892 3814 ld,
923 3763 980 3820 quo
1003 3743 1067 3822 quis

101 3837 154 3902 else
166 3849 261 3917 putent
271 3861 286 3898 ε·
298 3837 396 3898 volunt
411 3838 516 3915 semper
526 3839 568 3898 di»
599 3835 631 3894 ad
649 3833 835 3913 eloquentiam
859 3829 1014 3891 instruitur:
1035 3833 1065 3890 in

101 3925 194 3988 sceret
233 3945 303 4004 pars,
333 3924 437 3986 etiamli
465 3923 569 3984 fortnlse
600 3921 659 3982 foro
679 3919 875 3980 benedicitur
901 3917 960 3992 usu,
991 3919 1065 3998 apud

101 4031 159 4072 non
172 4013 268 4090 poffint
280 4009 318 4084 id,
332 4010 408 4089 quod
420 4009 513 4082 velint,
529 4009 568 4070 as·
589 4005 731 4070 unctores
742 4006 788 4086 (de
798 4005 896 4084 quibus
905 4007 1065 4087 paulopost)

100 4096 191 4179 sequi:
207 4095 430 4178 paravernquia
444 4095 568 4176 ld,qu0d
598 4091 747 4179 praecptis.
787 4093 862 4156 Vide
875 4091 905 4152 ii.
919 4111 967 4171 90·
1059 4121 1060 4127 ¹

100 4185 266 4261 didicerunt,
297 4181 423 4264 preclari
452 4178 566 4258 faciunt,
948 4263 952 4272 Ι
1046 4243 1072 4326 ²

109 4315 113 4326 ·
522 4300 527 4318 =
997 4283 1066 4350 aa.
