2878 4748
283 451 383 546 334
503 403 506 416 ’

647 409 742 514 Dc
789 417 1118 516 Onaco'ue

402 565 705 689 Megaricorum,
716 563 1052 670 Pyrrhoneorum
1070 565 1132 646 sed
1143 563 1365 648 ea'horum

402 679 442 758 vi
458 696 496 756 et
512 674 831 784 disputationibus
845 677 933 757 sunt
944 677 1096 788 jamdiu
1117 677 1234 756 fracia
1249 697 1288 755 et
1298 705 1364 756 ex-

402 787 550 868 stincia.
604 789 664 866 Ex
694 787 771 866 illis
798 808 943 878 autem,
975 817 1062 896 quae
1080 805 1294 881 remanent,
1321 813 1365 866 ea

400 895 654 1022 philosophia,
673 926 762 1006 quae
782 898 940 1006 suscepit
954 899 1214 1005 patrocinium
1226 899 1365 1006 volup-

401 1010 504 1104 tatis,
515 1009 579 1088 etsi
592 1037 655 1087 cur
668 1035 755 1087 vera
770 1009 956 1132 videatur,
967 1011 1102 1116 procul
1118 1009 1220 1088 abest
1232 1027 1365 1088 tamen

401 1123 449 1201 ab
468 1149 514 1201 eo
533 1119 629 1212 virn,
638 1139 766 1244 quem
790 1119 1016 1246 quaerimus,
1036 1139 1076 1199 et
1093 1147 1212 1244 quem
1232 1123 1365 1200 audio·

401 1259 485 1311 rem
504 1227 649 1339 publici
669 1230 832 1324 confilii,
864 1253 902 1310 et
918 1230 1141 1339 regendae
1109 1229 1277 1310 civitatis
1293 1231 1364 1310 du·

401 1369 501 1435 cem,
516 1360 554 1420 et
569 1340 766 1420 sententiae
777 1361 897 1468 atque
902 1341 1133 1450 eloquentiae
1147 1340 1364 1448 principem

292 1495 294 1502 ·
401 1453 443 1533 in
462 1451 651 1548 senatu,
642 1480 682 1530 1n
702 1451 897 1560 populo,
886 1481 927 1532 nr
947 1452 1079 1532 caussis
1104 1451 1270 1558 publicis
1291 1451 1364 1531 elle

271 1639 273 1643 .
399 1564 598 1645 volumus.
630 1563 812 1646 Neculla
827 1582 958 1643 tamen
974 1591 1009 1642 er
998 1561 1283 1670 philosophiae
1297 1563 1364 1641 fiet

264 1679 269 1697 '
400 1673 717 1800 injuriaanobis:
739 1703 819 1755 non
834 1703 941 1754 emm
955 1673 1274 1781 repelleturrnde,
1285 1674 1364 1783 quo

401 1785 556 1894 aggredi
569 1783 709 1892 cupiet,
722 1785 839 1864 sedin
852 1783 1190 1894 hortulisquiescet
1202 1783 1364 1878 suis,ubi

398 1898 509 1990 vult3
537 1895 605 1974 ubi
624 1893 743 1974 etiam
759 1897 942 1976 recubans
961 1897 1133 1978 molliter
1146 1917 1185 1974 et
1203 1895 1363 1974 delicate

399 2033 472 2086 nos
487 2005 656 2086 avocati
671 2005 848 2101 rostris,i
826 2006 1059 2130 ajudiciiS,
1046 2005 1197 2103 acutia,
1211 2005 1363 2088 fortafle

399 2117 598 2224 sapienter,
617 2115 690 2196 hac
706 2116 917 2225 prasertim
936 2118 1162 2226 Republica.
1208 2115 1362 2198 Verirm

399 2255 473 2336 ego
503 2257 582 2309 non
611 2255 753 2338 quaero
774 2258 892 2326 nunc,
932 2259 1017 2339 quae
1045 2230 1089 2308 fit
1118 2227 1361 2366 philosophia

397 2339 600 2434 verissima,
620 2339 683 2419 sed
701 2367 790 2450 quae
802 2340 942 2422 oratori
958 2341 1163 2466 conjundia
1177 2337 1360 2418 maximi.

398 2453 528 2562 Quare
547 2449 638 2532 istos
650 2451 726 2530 srne
740 2453 822 2531 ulla
841 2449 1079 2576 contumelia
1094 2449 1359 2542 dimittamus;

397 2562 485 2643 sunt
504 2561 611 2642 enim
630 2581 669 2642 et
688 2561 837 2642 boni
799 2561 889 2658 vrri,
920 2583 974 2658 et,
1005 2561 1192 2672 quoniam
1211 2559 1321 2640 srbi
1310 2579 1361 2640 tta

397 2673 591 2767 videntur,
606 2671 725 2753 beati.
747 2669 974 2783 tanttimque
989 2699 1063 2753 eos
1069 2673 1360 2799 admoneamus,

396 2802 442 2860 ut
461 2782 575 2876 illud,
589 2781 746 2861 etiamsi
761 2782 815 2862 est
830 2778 1109 2878 verissimumi,
1123 2783 1289 2863 tacitum
1304 2801 1361 2861 ta-

274 2919 275 2926 *
395 2921 505 2988 rnen,
535 2911 738 3001 tamquam
766 2893 1014 3002 mysterium,
1045 2913 1213 2990 teneant,
1241 2894 1363 2994 Quod

1216 3031 1266 3084 ne
1296 3025 1361 3086 ant

435 3134 452 3192 7
473 3113 562 3174 borum
584 3119 631 3192 vr]
653 3116 673 3176 i.
681 3137 707 3176 e.
726 3115 864 3195 Peripate·
893 3137 954 3177 rum
976 3113 1179 3196 philosophiam
1199 3034 1298 3176 utilerit
1311 3115 1362 3175 else

394 3201 521 3276 cicorum,
542 3203 780 3276 Academicorum,
803 3204 864 3262 Sto·
892 3204 992 3265 oratori
1015 3219 1125 3282 propter
1137 3201 1204 3261 duas
1224 3203 1360 3270 rationem

395 3289 500 3348 icorum
518 3307 546 3348 et
567 3290 774 3371 Epicureorum,
794 3307 863 3368 quot
892 3290 958 3369 quia
970 3305 998 3350 et
1016 3287 1194 3348 sententiieet
1206 3309 1308 3369 genere
1320 3289 1361 3348 di·

392 3373 501 3435 Crassus
515 3377 596 3454 paulo
615 3391 678 3435 ante
692 3392 863 3436 memorarat.
891 3375 972 3434 cendi
994 3375 1126 3454 discrepat
1147 3376 1183 3434 ab
1202 3373 1363 3456 eloquendi

423 3462 770 3541 8etr'amfiestomffimm,]
781 3460 863 3522 Furti
891 3461 989 3521 sorensi
1002 3477 1029 3521 et
1046 3460 1181 3541 populari.
1220 3462 1361 3540 Discreprr
1380 3463 1383 3474 ’

393 3549 717 3629 legendumest,etiemfi
727 3550 861 3626 fituerff·
891 3549 1038 3621 sententiis,
1058 3545 1191 3628 quoniam
1210 3545 1299 3608 Stoici
1319 3547 1361 3606 di·

394 3659 474 3708 mum
490 3653 520 3698 ut
533 3639 861 3700 minbehocesletconce·
891 3649 957 3694 cunt
978 3635 1134 3713 infipientee
1167 3635 1275 3712 (quales
1300 3635 1360 3693 sunt

394 3726 493 3784 dentis.
526 3725 572 3786 Sic
584 3727 676 3804 paullo
688 3741 751 3784 ante
764 3723 794 3783 in
807 3725 862 3784 boc
890 3725 998 3794 omnen)
1012 3721 1064 3782 effe
1074 3721 1170 3792 serroe,
1181 3722 1299 3780 lacones
1309 3739 1361 3781 ete.

394 3810 483 3890 capite
501 3813 535 3872 de
555 3813 650 3873 eidem
663 3811 860 3890 Epicureorum
891 3809 1127 3889 Discrepetautem
1136 3807 1362 3886 generedicendi,

392 3899 567 3978 philosophici
579 3899 684 3959 dixerat
693 3898 803 3969 Noster,
821 3899 866 3974 τῷ
890 3897 1023 3976 quoniam
1036 3895 1075 3955 illi
1086 3893 1204 3954 nimibm
1218 3893 1362 3954 dialediice

392 3990 435 4043 cui
446 4009 512 4044 vera
524 3988 655 4047 videatur.
889 3983 1048 4064 loquuntur,
1058 3997 1086 4042 et
1095 3979 1174 4040 acuti
1182 3982 1361 4052 concludunt,

433 4091 451 4148 9
455 4072 506 4148 sid
516 4071 687 4152 utrumqueest
700 4076 728 4130 in
737 4071 786 4144 his,
795 4074 865 4152 quod
890 4091 948 4131 non
960 4069 1088 4130 suavitate
1100 4067 1245 4136 deledlant.
1260 4066 1360 4136 Vides,

391 4157 860 4236 ablroc,etc.]CrassusStoicoenon
890 4157 1000 4228 Lecior,
1022 4157 1053 4219 ei
1074 4155 1222 4214 hamat·
1247 4157 1293 4228 (ut
1310 4173 1360 4212 vo·

391 4244 506 4306 'omnino
516 4244 662 4325 improbat,
671 4247 716 4308 sed
724 4262 858 4329 negateo·
888 4247 982 4322 cant);
1005 4244 1067 4306 clun
1080 4241 1156 4304 enim
1168 4240 1269 4302 Cicero
1281 4241 1362 4301 diae·

1310 4345 1367 4406 rat,
