2870 4728
326 371 541 466 Lruen
585 366 625 464 Ι.
689 397 770 490 14.

76 515 363 622 imperatorem,
389 531 456 594 aut
480 541 552 622 pro
580 512 810 622 imperatore
828 509 906 594 dici
928 501 1008 594 fine

76 624 127 704 rei
141 621 325 704 militaris
339 619 424 720 usu,
454 643 520 704 aut
539 621 637 732 saepe
657 623 777 706 etiam
792 623 868 706 fine
883 623 1009 733 regio·

74 765 170 818 num
186 733 427 816 terrestrium
442 754 509 816 aut
526 733 815 816 maritimarum
829 734 1011 816 scientia?

74 875 172 928 num
187 845 289 954 apud
308 847 503 954 populum
516 846 564 928 de
584 845 734 956 legibus
747 847 930 956 jubendis
946 850 1013 928 aut

75 957 276 1040 vetandis?
306 984 407 1037 num
433 956 474 1045 in
489 955 621 1038 senatu
643 959 689 1038 de
703 957 814 1070 omni
840 957 894 1038 rei
914 957 1014 1066 pub-

76 1069 162 1150 licae
176 1095 318 1178 genere
332 1067 411 1149 dici
426 1067 503 1150 fine
518 1067 672 1150 summa
685 1097 817 1152 rerum
832 1067 1013 1153 civilium

77 1177 301 1290 cognitione
334 1198 373 1259 et
406 1180 636 1289 prudentia?
682 1209 783 1262 num
815 1178 1013 1262 admoveri

74 1291 185 1400 poffit
204 1290 330 1372 oratio
344 1291 392 1372 ad
411 1287 537 1372 sensus
552 1291 777 1374 animorum
793 1312 908 1402 atque
924 1319 1013 1373 mo·

76 1425 153 1498 tus,
172 1402 236 1482 vel
256 1401 560 1484 inflammandos
572 1403 635 1484 vel
648 1403 769 1484 etiam
784 1405 1015 1512 extinguen·

76 1517 141 1598 dos
162 1513 287 1624 (quod
300 1541 429 1594 unum
443 1512 486 1594 in
500 1532 650 1596 oratore
661 1515 916 1626 dominatur),
935 1513 1014 1592 fine

77 1621 367 1735 diligentiffima
387 1623 710 1736 pervestigatione
728 1652 864 1706 earum
882 1623 1014 1706 omni-

18 1755 19 1834 i
77 1765 147 1818 um
178 1735 390 1832 rationum,
414 1765 503 1847 quae
522 1738 570 1816 de
594 1734 742 1817 naturis
761 1729 1016 1844 humani'ge-

18 1839 19 1924 i
77 1849 179 1929 neris
195 1875 240 1928 ac
254 1846 467 1930 moribus-ai
485 1846 728 1957 philosophis
748 1845 1014 1956 explicantur?
1033 1923 1043 1940 ,

18 1925 20 2060 i
77 1961 212 2072 Atque
231 1957 337 2040 haud
366 1959 457 2056 scio,
490 1989 541 2042 an
559 1959 691 2040 minus
719 1958 798 2040 hoc
815 1957 925 2042 vobis
944 1957 1017 2038 sim

18 2155 19 2160 Ν
76 2073 330 2180 probaturus3
357 2071 541 2183 equidem
570 2099 652 2153 non
671 2069 872 2166 dubitabo,
908 2069 1015 2181 quod

77 2182 216 2277 sentio,
231 2180 380 2264 dicere:
400 2189 411 2223 ³
427 2181 592 2290 Physica
606 2179 678 2262 ista
691 2181 785 2291 ipsa,
802 2201 841 2264 et
854 2180 1013 2262 Mathe·
1031 2265 1034 2272 ,

78 2293 236 2388 metica,
242 2311 282 2372 et
296 2322 384 2404 quae
398 2295 514 2402 paulo
529 2314 618 2393 ante
630 2314 856 2374 caeterarum
870 2292 1015 2374 artium

80 2403 235 2514 propria
265 2403 436 2510 posuisti,
469 2403 637 2488 scientiae
656 2398 743 2484 sunt
763 2431 915 2498 eorum,
946 2401 1015 2512 qui

81 2517 146 2598 illa
165 2511 421 2625 profitentur:
451 2514 640 2596 illustrare
652 2535 784 2596 autem
799 2509 1016 2596 orationesr

79 2629 164 2738 quis
177 2623 269 2708 istas
284 2625 382 2734 ipsas
400 2645 496 2708 artes
512 2625 622 2722 velit,
633 2627 681 2708 ad
699 2623 859 2708 oratoris
871 2624 907 2706 ei
921 2652 1015 2706 con·

82 2739 318 2850 fugiendum
336 2737 392 2818 est
411 2739 646 2824 facultatem
687 2737 827 2848 Neque
845 2735 1015 2832 enimsi

19 2879 20 2952 ἰ
81 2849 295 2932 Philonem
315 2849 432 2932 illum
451 2849 720 2944 architectum,
753 2849 821 2960 qui
842 2845 1013 2928 Atheni·

81 3071 216 3154 diserte
228 3073 374 3182 populo
389 3072 580 3155 rationem
591 3074 716 3182 operis
731 3069 788 3152 sui
800 3067 1022 3260 reddidig'ef
1147 3143 1151 3160 ,

653 3213 657 3218 ·
826 3223 828 3228 ·
881 3205 942 3266 exi
977 3209 1014 3262 1-

19 3027 20 3064 ³
80 2961 232 3042 ensibus
259 2961 604 3046 armamentarium
623 2962 728 3055 fecit,
755 2959 907 3041 constat
925 2987 1012 3068 per·

122 3371 357 3450 ruer-viocourt]
378 3373 454 3434 MSti
463 3369 533 3435 Bod.
565 3373 724 3450 rhmatica]
731 3371 817 3434 Hunc
824 3369 949 3432 ordinem
956 3367 1015 3442 ver-¹

83 3477 109 3520 et
126 3461 212 3520 Cant.
231 3461 334 3518 habent
345 3462 451 3532 Κηφέος
471 3461 536 3521 vide
564 3461 663 3522 borum
676 3459 753 3520 Msti
775 3461 835 3520 Bal.
853 3473 882 3522 et
893 3454 972 3519 Harl.
987 3481 1016 3522 ι.

84 3545 356 3625 Emendadii.65.
564 3547 688 3616 serrant;
718 3567 769 3607 nec
797 3547 875 3606 aliter
900 3543 958 3606 fere
986 3545 1015 3606 se

121 3657 138 3693 2
171 3648 197 3691 et
221 3633 419 3710 φυσῶσι]
460 3633 536 3694 MSti
564 3635 648 3694 habet
660 3633 744 3695 editio
756 3633 889 3694 Manutii.
915 3631 1014 3711 Vulgd

85 3721 166 3780 cant.
178 3717 266 3779 Norf.
282 3719 342 3778 Bal.
354 3721 437 3800 Joan.
453 3717 533 3800 Mag.
565 3722 673 3800 legitur,
695 3721 804 3800 quffica
815 3719 866 3796 ista
876 3717 938 3800 ipsa,
956 3738 1017 3800 με

85 3808 160 3866 Nor.
173 3805 258 3886 Wag.
271 3807 367 3866 Gonv.
389 3807 484 3868 Mene.
506 3823 534 3866 et
557 3809 721 3890 perlucente,
740 3805 972 3876 eranthemim
992 3813 1017 3862 et

86 3891 163 3952 Hirr.
176 3892 242 3964 duo,
263 3892 384 3974 itemque
400 3893 533 3954 editiones
564 3913 715 3956 caerermm
726 3901 824 3956 mrim
829 3898 937 3975 propria
942 3895 1017 3975 posi·

86 3979 292 4060 quampiurimae
318 3983 428 4054 habent,
460 3997 535 4062 aeque
558 3984 611 4060 isti.
637 3985 708 4044 Non
722 3983 780 4056 diu,
794 3983 905 4053 Lefiton
920 3999 1015 4044 uuum

79 4067 230 4138 linenda·
563 4071 639 4132 alteri
651 4071 776 4134 ordinem
789 4065 925 4152 pasees,
935 4069 1017 4130 dubi·

21 4257 22 4262 Ν
125 4151 534 4238 mmmmm
567 4158 648 4222 m..

958 4247 1021 4322 41'2

1006 395 1133 494 ,3,
