2870 4728
323 416 653 512 Lranttl.
710 443 787 516 21.

94 555 268 638 minibus
286 553 360 639 effe
378 555 508 654 video,
539 585 621 640 non
646 557 718 642 des
758 587 801 641 ro
823 566 838 604 ⁴
856 561 939 644 fore
959 561 1029 644 ali-

92 695 215 777 quem
253 667 475 778 aliquando,
516 669 586 780 qui
619 677 658 752 et
738 669 831 754 udio
869 674 1030 784 acriore,

91 779 214 888 quam
241 807 311 858 nos
330 777 463 860 sumus
490 801 606 890 atque
628 781 794 878 fuimus,
825 803 864 864 et
886 785 969 866 otio
987 811 1032 864 ao

93 891 281 970 facultate
310 889 480 974 discendi
499 895 645 1003 majore
677 921 721 975 ac
741 895 966 992 maturiore,
994 915 1034 976 et

1089 431 1153 546 43

93 1002 229 1082 labore
249 1020 364 1112 atque
384 1000 569 1084 industria
589 1003 795 1111 superiore,
817 1005 909 1088 ciam
929 1006 1035 1087 sead
1147 1086 1151 1102 ,

93 1111 349 1206 audiendum,
368 1113 580 1222 legendum
594 1113 915 1228 scribendumque
927 1117 1034 1198 dedi·

95 1223 209 1317 derit,
220 1223 358 1316 existat
372 1223 460 1306 talis
471 1245 612 1321 orator,
631 1229 789 1338 qualem
802 1229 1038 1339 quaerimu3

94 1333 164 1444 qui
177 1334 268 1442 jure
288 1362 369 1418 non
388 1334 516 1418 solum
536 1337 709 1434 disertus,
730 1339 792 1419 sed
811 1341 932 1420 etiam
950 1342 1035 1421 elo·

93 1471 221 1555 quens
242 1443 320 1526 dici
339 1445 472 1554 possut
500 1447 569 1557 qui
588 1468 722 1528 tamen
738 1475 829 1530 mea
848 1449 1038 1532 sententia

97 1574 165 1640 aut
195 1555 262 1636 hic
291 1556 452 1683 estjam
471 1556 642 1654 CraffuS,
673 1579 752 1652 aut,
780 1560 817 1686 st·
837 1560 924 1671 quis
954 1560 1036 1668 pari
1145 1623 1147 1630 Α

98 1666 216 1748 fuerit
236 1666 410 1776 ingemo,
429 1667 628 1780 pluraque,
643 1669 762 1781 quim
778 1669 858 1767 hic,
876 1691 915 1752 et
930 1670 1038 1752 audi·

96 1778 171 1860 erit
190 1795 230 1857 et
257 1778 440 1860 lectitarit
458 1797 497 1860 et
523 1778 721 1888 scripserit,
750 1783 913 1890 paulum
943 1781 1038 1862 huic
1156 1848 1162 1868 .

98 1889 150 1970 ali
181 1888 248 1970 uid
266 1889 409 1998 poterit
429 1890 576 1974 addere.
618 1891 706 1974 Hoc
726 1893 814 1976 loco
834 1893 1038 2002 Sulpitius,

101 1919 315 2109 Insiaeranti
335 1999 451 2096 mihi,
471 1995 612 2112 iuquit,
632 2021 670 2084 et
685 2003 825 2099 Cottae,
847 2003 909 2086 sed
924 2005 1035 2085 valde

98 2111 252 2220 optanti
267 2111 422 2223 utrique
434 2112 609 2196 nostrum
625 2114 776 2210 cecidit,
791 2135 837 2195 ut
854 2115 896 2196 in
916 2115 1037 2196 istum

101 2221 337 2320 strmonem,
378 2222 524 2320 Crasse,
570 2225 874 2326 delaberemini:
924 2225 1037 2306 nobie

100 2335 207 2414 enim
228 2333 307 2416 huc
327 2335 571 2430 venientibus
590 2339 813 2448 jucundum
839 2337 926 2419 satis
953 2339 1036 2418 fore

102 2445 317 2540 videbatur,
346 2445 387 2540 fi,
401 2446 494 2530 cum
512 2476 581 2530 vos
600 2450 647 2528 de
667 2450 780 2528 rebus
796 2448 880 2528 aliis
901 2449 1035 2558 loque-

103 2556 256 2652 remini,
268 2576 401 2637 tamen
416 2585 486 2639 nos
502 2557 648 2668 aliquid
663 2587 710 2640 ex
724 2558 899 2640 sermone
911 2557 1035 2638 vestro

19 2701 20 2720 Ν
104 2665 296 2750 memoria
323 2668 489 2777 dignum
525 2669 699 2778 excipere
731 2669 949 2778 possemus:
991 2688 1037 2750 ut

103 2777 367 2886 verdpenitus
387 2779 428 2858 in
448 2807 536 2859 eam
554 2779 677 2888 ipsam
695 2782 816 2862 totius
840 2779 955 2892 hujus
975 2780 1037 2860 vel

103 2888 235 2984 studii,
271 2890 333 2968 vel
361 2889 532 2986 artificii,
561 2892 624 2971 vel
647 2892 839 2972 facultatis
866 2893 1037 3000 disputa·

102 3001 253 3081 tionem
272 3027 381 3108 paene
400 2998 585 3084 intimam
603 3003 797 3097 veniretiS,
818 3002 882 3083 vix
900 3005 1039 3110 optan-'

102 3113 199 3192 dum
229 3111 342 3193 nobis
361 3111 582 3196 videbatur:
626 3114 714 3222 Ego
733 3113 856 3208 euim,
887 3112 956 3224 qui
987 3112 1035 3192 ab

103 3221 263 3310 ineunte
282 3243 392 3302 aetate
413 3223 588 3305 incensus
607 3223 724 3304 essem
747 3225 873 3306 studio
890 3223 1035 3305 utrius-

103 3361 177 3442 que
196 3332 384 3430 vestrum,
402 3333 521 3415 Craffi
540 3334 631 3417 vero
645 3337 765 3417 etiam
785 3363 928 3432 amore,
943 3337 1036 3418 cum

103 3445 148 3526 ab
173 3472 222 3527 eo
253 3445 444 3556 nusquam
463 3446 710 3546 discederem,
741 3449 907 3528 verbum
923 3475 970 3528 ex
989 3474 1036 3526 eo

744 3595 746 3602 ’
817 3583 1037 3670 numquam

141 3789 161 3844 4
169 3768 231 3844 flare
259 3772 368 3850 aliquem
394 3771 553 3852 dr‘qflauda]
568 3771 767 3852 !oprrdposteros
777 3773 839 3832 veri
849 3773 882 3831 id
892 3771 1036 3848 muserurus,

105 3854 221 3916 Videtur
233 3857 282 3918 hic
298 3857 398 3918 Cicero
411 3859 446 3916 ad
458 3857 485 3917 se
497 3841 570 3942 ipse}
586 3873 614 3914 ur
630 3859 729 3918 Cicero
731 3855 793 3935 jam
805 3881 853 3917 aon
866 3857 980 3929 hortinis,
990 3855 1042 3933 sed

107 3941 243 4019 respexisse
248 3967 259 4013 ς
271 3944 306 4003 de
315 3963 373 4023 quo
383 3943 554 4022 itaQrinsti·
585 3946 726 4024 ehqmrr'ae
738 3967 821 4004 nomen
835 3943 965 4002 habeatnr.
992 3942 1038 4000 Ille

107 4025 190 4092 liunus
202 4029 270 4090 Inst.
285 4031 335 4088 Or.
346 4051 374 4089 x-
389 4050 412 4090 1.
433 4032 493 4090 Non
506 4035 553 4088 im·
576 4029 606 4103 J?
620 4029 745 4112 prqfrrrffl
764 4031 857 4106 sciat,
878 4033 920 4090 cui
938 4029 1039 4118 (digero

108 4113 187 4176 rrreriri
197 4115 232 4174 ab
243 4114 381 4194 bominibus
400 4121 485 4191 gratis
495 4119 555 4192 flrae
584 4117 663 4174 valde
667 4113 785 4197 plaudite

108 4219 206 4280 “gnare
227 4205 255 4262 r'rr
274 4199 384 4280 judiciis
403 4203 484 4263 didus
503 4199 553 4278 est:
584 4233 588 4244 ·
