2858 4746
232 371 332 496 598
554 370 1091 470 ΙΙΜεΟιῑΑτοιτιῑ

355 513 578 594 Critolaum
597 515 728 610 istum,
757 543 877 624 quem
899 515 1013 595 fimul
1032 542 1126 616 pum
1140 512 1325 624 Diogene

357 623 500 707 veniss'e
520 653 820 722 commemoras,
852 647 947 734 puto
975 629 1063 734 plus
1082 625 1175 704 huic
1195 623 1326 704 studio

357 733 488 826 nostro
516 736 684 844 prodesse
713 738 896 846 potuisse:
935 736 1147 818 eratenim
1173 737 1219 816 ab
1249 734 1326 814 isto
1416 789 1417 800 η

338 844 578 943 Aristotele,
593 849 733 957 &cujus
748 849 916 930 inventis
929 849 1001 930 tibi
1011 877 1086 958 ego
1096 846 1228 930 videor
1242 875 1323 927 non

354 957 471 1066 longe
487 961 667 1052 aberrare.
690 961 822 1070 Atque
840 961 938 1046 inter
950 961 1056 1056 hunc
1069 957 1323 1040 Aristotelem

353 1067 481 1176 (cujus
499 1092 538 1150 et
558 1071 674 1152 illum
693 1073 771 1180 legi
802 1072 961 1168 librum,
989 1073 1030 1152 in
1048 1099 1128 1182 quo
1146 1068 1324 1180 exposuit

307 1269 309 1274 ¹
356 1179 510 1288 dicendi
538 1202 635 1264 artes
655 1184 838 1268 omnium
864 1183 1118 1291 superiorum,
1148 1199 1187 1272 at
1216 1181 1323 1275 illos,

244 1343 248 1352 ›
355 1289 556 1413 inquibus
586 1291 663 1400 ipse
691 1293 757 1375 sua
785 1296 966 1405 quaedam
1000 1295 1046 1374 de
1076 1293 1211 1374 eadem
1240 1312 1323 1374 arte

318 1441 322 1449 ·
356 1401 487 1515 dixit),
509 1423 547 1482 et
566 1403 638 1484 hos
653 1433 858 1514 germanos
870 1406 985 1527 hujus
1001 1405 1089 1484 artis
1105 1403 1323 1512 magistroS,
1417 1499 1418 1522 ,

306 1621 311 1632 ¹
355 1511 432 1598 hoc
443 1513 544 1596 mihi
560 1514 686 1596 visum
701 1516 757 1595 est
770 1514 965 1610 interefle3
986 1515 1090 1626 qudd
1106 1516 1173 1604 illo
1186 1515 1326 1596 eadem
1417 1543 1418 1622 r

352 1624 436 1722 acie
447 1626 686 1736 mentis,qua
697 1655 827 1708 rerum
838 1626 1321 1716 omniumvimnaturam-
1417 1625 1418 1688 ἲ

356 1764 433 1847 que
448 1736 606 1833 viderat,
625 1739 709 1816 haec
727 1763 883 1848 quoque
898 1737 1078 1846 adspexit,
1092 1763 1180 1848 quae
1198 1738 1246 1820 ad
1261 1737 1322 1826 di·

356 1847 469 1934 cendi
489 1867 626 1945 artem,
648 1875 768 1958 quarn
785 1849 853 1928 ille
873 1849 1117 1958 despiciebat,
1147 1848 1320 1956 pertine·¹

355 1957 472 2036 bant:
502 1958 560 2037 illi
581 1977 726 2056 aurem,
754 1960 822 2070 qui
850 1963 927 2040 hoc
956 1960 1082 2041 solum
1110 1961 1322 2041 colendum

355 2067 557 2169 ducebant,
577 2068 800 2168 habitarunt
819 2070 862 2160 in
877 2071 950 2152 hac
964 2101 1043 2154 una
1057 2071 1205 2154 ratione
1219 2092 1320 2151 trac-

263 2175 275 2198 ⁸
354 2180 485 2276 tanda,
506 2210 587 2262 non
601 2183 736 2266 eadem
754 2184 968 2290 prudentia,
983 2213 1059 2294 qua
1078 2184 1157 2278 ille,
1173 2182 1234 2263 sed
1249 2182 1322 2262 usu

352 2289 396 2374 in
416 2289 492 2374 boc
511 2321 591 2374 uno
610 2322 765 2402 genere,
788 2292 989 2404 studioque
1007 2297 1164 2404 majore.
1192 2304 1197 2312 '
1222 2294 1320 2374 Car·

353 2402 580 2491 neadisverd
593 2405 648 2486 vis
661 2405 895 2486 incredibilis
907 2406 973 2488 illa
984 2405 1134 2492 dicendi
1147 2425 1185 2486 et
1198 2404 1322 2490 varie-

353 2531 410 2594 tas
426 2543 610 2624 perquam
625 2515 714 2597 essct
734 2517 900 2625 optanda
914 2516 1024 2598 nobis
1039 2550 1051 2612 3
1080 2516 1147 2627 qui
1167 2519 1322 2598 nullam

351 2651 423 2708 um
453 2655 544 2712 uam
564 2626 702 2709 inillis
723 2627 797 2710 suis
813 2627 1133 2736 disputationibus
1148 2655 1233 2713 rem
1252 2630 1321 2708 de·
1418 2671 1419 2694 ÷

353 2656 489 2832 fendit,
502 2763 621 2846 quarn
636 2767 715 2836 non
734 2739 926 2846 probarit;
955 2740 1106 2836 nullam
1120 2767 1321 2850 oppugna·
1418 2789 1419 2849 ;

352 2845 422 2940 vit,
444 2875 565 2957 quarn
583 2850 873 2955 noneuerterit.
932 2850 1005 2932 Sed
1025 2849 1101 2932 hoc
1121 2854 1244 2962 majus
1263 2849 1321 2930 est
1418 2854 1419 2944 i

352 2959 551 3067 quiddam,
579 2960 699 3070 quam
728 2962 776 3042 ab
804 2962 864 3057 iis,
892 2961 960 3072 qui
989 2963 1073 3044 haec
1098 2963 1253 3043 tradunt
1281 2982 1321 3046 et

356 3071 508 3170 docent,
537 3071 812 3179 postulandum
832 3074 890 3156 sit.

104 3281 114 3295 .
192 3169 330 3271 XXXIX·
402 3183 499 3292 ‚Ego
514 3203 658 3276 autem,
675 3184 700 3261 fi
717 3213 836 3296 quem
852 3211 957 3266 nunc
972 3185 1084 3292 plane}
1103 3187 1240 3265 rudem
1256 3185 1321 3265 in-

356 3293 462 3374 stitui
482 3295 528 3374 ad
549 3295 757 3402 dicendum
777 3295 914 3391 velim,
941 3298 1003 3376 his
1022 3295 1149 3404 potius
1169 3297 1321 3376 tradam

356 3405 521 3499 assiduis,
558 3433 639 3486 uno
667 3434 780 3513 opere
809 3409 972 3491 eandem
1001 3407 1183 3488 incudem
1202 3409 1319 3488 diem

355 3517 1320 3632 eodemquetundentibunquiomnestenuiffimas

421 3683 429 3694 „
1226 3651 1322 3711 astl-

353 3737 505 3812 editionum
541 3743 616 3802 Ven.
652 3757 680 3802 et
704 3741 821 3802 Mediol.
852 3743 927 3800 enirn
940 3747 985 3822 qui
998 3741 1089 3802 referri
1110 3662 1240 3802 debetldd
1252 3763 1323 3820 prae-

287 3805 296 3838 *
355 3829 463 3906 Volgo,
474 3845 550 3908 neget.
852 3829 992 3887 cedentem
1013 3847 1108 3888 vocem
1129 3829 1196 3900 illuc,
1216 3827 1323 3906 quaei-

401 3919 478 3991 1qui
503 3917 543 3972 illi
562 3915 648 3990 sedes]
679 3913 822 3972 Manutius
852 3914 914 3974 dem
933 3917 1004 3974 valet
1016 3935 1048 3974 ac
1057 3917 1096 3972 ad
1104 3915 1174 3972 illum
1186 3913 1324 3974 hominem.-

358 4019 409 4078 pro
434 4004 478 4076 qui
505 4001 572 4080 legit
603 4017 640 4070 ur,
680 4000 822 4059 Ascenfius
854 4015 883 4056 ut
895 4001 954 4058 illuc
974 4001 1107 4079 significat
1121 4001 1160 4057 ad
1174 4001 1241 4058 illud
1249 4023 1321 4078 aego-

356 4083 471 4158 perdet,
488 4102 600 4164 uterque
613 4107 647 4144 ex
660 4085 823 4162 conjerstura,
853 4091 916 4142 tium
944 4085 974 4144 in
996 4107 1020 4145 c.
1037 4087 1083 4161 76.
1113 4101 1141 4144 et
1160 4087 1223 4144 arde
1247 4086 1322 4144 idern

356 4170 467 4256 reputor,
485 4187 513 4230 et
534 4173 629 4250 eadem
650 4175 739 4254 mala:
768 4193 822 4234 vox
853 4174 891 4234 est
926 4173 1001 4254 quod
1035 4174 1056 4246 ri
1087 4167 1197 4254 quo'jn
1220 4195 1245 4233 c.
1273 4174 1323 4249 87.

377 4293 381 4302 .
436 4253 440 4262 ’
992 4263 997 4268 ’
1197 4293 1200 4302 ·
1259 4258 1324 4332 vide
