2864 4732
353 390 574 484 Lrueu
622 392 659 482 I.
718 389 798 484 62.

89 495 166 611 121
155 559 202 627 rs,
225 561 293 640 qur
282 530 500 612 habitaret
519 534 560 614 in
575 533 774 628 subselliis,
792 559 916 644 neque
929 531 1042 654 quid-

86 672 199 752 quam
217 643 382 750 amplius
395 642 556 738 afferret,
575 645 819 770 quomquqd
829 641 1042 732 caull'arum

86 751 275 832 neceffitas
295 753 527 890 postularet3
486 753 621 834 t·sed
640 758 762 864 majus
781 753 1020 864 quiddam
984 783 1044 834 vr-

87 865 235 988 debam,
269 867 362 946 curn
380 866 580 944 censebam
599 886 804 971 oratorem,
831 862 1042 972 praesertim

86 975 124 1054 in
155 975 283 1056 no'st'ra
303 975 528 1082 Republica,
561 976 708 1056 nullius
728 975 944 1062 ornamenti
974 1003 1042 1053 22-

61 1107 227 1210 ¹pertem
247 1083 320 1165 elle
346 1108 532 1193 oportere.
590 1089 657 1166 Tu
678 1106 823 1180 autem,
857 1085 1042 1194 quoniam

1071 409 1163 513 125

27 1259 29 1262 .
86 1197 228 1306 exiguis
262 1196 490 1304 quibuldam
535 1185 773 1277 firrilrust
716 1219 845 1278 totum
882 1196 1068 1276 oratorie'
1141 1238 1143 1247 ·

84 1335 222 1386 munus
242 1307 543 1402 circumdedisti,
575 1308 650 1388 hoc
671 1308 821 1388 facilius
841 1308 951 1388 nobis
971 1335 1039 1386 ex-

83 1446 195 1524 pones
215 1445 276 1513 ea,
295 1447 395 1542 quae
426 1421 491 1497 abs
511 1439 549 1498 te
569 1419 641 1498 Ε212
661 1417 800 1498 officiis
800 1417 1037 1541 praeceptis-

84 1557 152 1636 que
164 1548 324 1609 oratoris
339 1529 492 1638 quaefi
455 1530 623 1608 talunt:
654 1527 732 1652 led,
746 1556 894 1634 oprnor,
908 1526 1038 1606 lecun

83 1640 176 1720 dum
201 1639 309 1718 hunc
340 1639 467 1734 diem;
495 1641 582 1720 satis
602 1637 708 1720 enim
734 1640 859 1718 multa
888 1636 1038 1716 dnobis

82 1748 194 1874 lindie
213 1751 313 1830 dieta
332 1749 429 1832 12222.
464 1749 636 1832 Nuncet
649 1735 831 1843 Scaevole,
851 1747 1051 1858 quoniam

83 1859 121 1938 in
146 1875 161 1922 ⁹
182 1859 453 1942 Tusculanum
471 1862 525 1941 ire
552 1861 763 1956 constituit,
796 1861 957 1966 paulum
976 1887 1037 1938 re·

83 1969 257 2080 quiescet,
286 1973 381 2051 dum
410 1972 446 2052 se
465 1975 567 2053 calor
596 1975 768 2080 frangat3
796 1991 834 2051 et
853 1999 923 2052 nos
953 1969 1037 2076 ipfi,

83 2083 263 2191 quoniam
281 2083 331 2162 ·id
354 2085 539 2191 temporis
558 2083 628 2176 est,
660 2082 871 2162 valetudini
902 2083 1038 2160 demus
1120 2077 1126 2092 '

83 2221 244 2300 operam.
275 2191 426 2274 Placuit
442 2195 489 2273 sic
501 2195 695 2276 omnibus
725 2195 837 2274 Tum
853 2193 1037 2285 Scaevola,

84 2303 229 2400 Sane,
210 2303 376 2414 inquit,
374 2307 532 2386 vellem
563 2333 641 2386 non
673 2302 1005 2398 constituillem,
997 2330 1038 2389 222

83 2415 351 2496 Tusculanum
365 2445 430 2495 me
446 2415 560 2496 hodie
576 2435 783 2494 venturum
798 2413 870 2491 elle
885 2413 1034 2508 Laeliot
1135 2459 1139 2468 «

83 2523 238 2606 libenter
258 2525 432 2606 audirem
452 2526 693 2607 Antonium.
722 2545 772 2617 22,
801 2551 892 2602 curn
912 2521 1038 2606 exsur-

82 2658 191 2743 geret,
219 2637 336 2715 srmul
354 2637 547 2730 arridens,
580 2635 718 2745 Neque
737 2634 859 2729 enim,
891 2633 1033 2742 inquit,
1080 2725 1086 2736 ,

83 2767 156 2826 tam
184 2746 295 2834 mihi
320 2747 504 2829 molestus
523 2749 613 2842 fuit,
643 2747 784 2857 qudd
767 2767 831 2855 Jus
862 2744 1036 2824 nostrum

84 2857 187 2938 civile
206 2859 399 2966 pervellit,
428 2860 547 2968 quam
564 2859 776 2967 jucundus,
807 2856 910 2966 qudd
941 2856 976 2935 se
997 2855 1036 2934 id

84 2969 216 3049 nescire
237 2968 427 3050 confellits
448 2969 517 3052 est

83 3217 238 3296 telliganmr,
272 3241 330 3278 non
355 3241 417 3300 qum
443 3222 543 3281 Orator
571 3220 687 3300 gendum
712 3219 764 3278 elle
786 3219 944 3276 Rherrrrrm:
970 3216 1035 3276 cum

83 3303 272 3379 (122(1112220212
281 3307 319 3366 est
327 3308 402 3366 enirn
412 3327 445 3366 ea
453 3308 540 3380 dare),
570 3307 630 3366 duae
648 3308 691 3364 hae
703 3325 781 3363 voces
797 3305 825 3363 in
840 3304 927 3362 MStis
940 3303 1034 3382 sepius
1151 3297 1155 3308 ¹

83 3387 225 3470 sedquibus
239 3389 334 3452 utitur.
367 3393 480 3460 Interim
490 3394 542 3452 dis·
571 3389 781 3450 confundantur.

83 3479 254 3542 simulandtun
264 3503 319 3540 non
327 3483 374 3554 est,
382 3483 542 3542 Ciceronem
611 3479 817 3558 9112121222]
834 3476 1036 3555 Intelligiteam

83 3565 108 3624 12
123 3571 206 3629 Aeac.
222 3570 325 3647 Qaest.
340 3571 358 3628 i.
377 3595 402 3630 2.
423 3573 481 3630 haec
502 3570 542 3630 di·
572 3584 673 3650 purtem
687 3565 745 3646 agri
759 3566 918 3634 Tusculani,
938 3563 969 3620 in
981 3583 1037 3640 qua

84 3671 146 3726 tere,
157 3656 211 3712 Nor
222 3673 307 3712 aurem
319 3655 461 3734 preceptis
471 3657 543 3712 Dia·
572 3651 692 3712 Screvola
704 3655 795 3711 villain
813 3652 924 3719 habuit;
947 3651 976 3708 in
991 3671 1038 3708 eo-

83 3737 212 3816 laetlicnjum
226 3756 251 3798 er
265 3741 411 3800 0222022222
424 3741 544 3818 eriamfic
572 3743 634 3800 dem
651 3742 732 3800 etiam
746 3762 811 3820 agro
824 3741 881 3798 luas
900 3738 974 3795 villas
988 3739 1037 3795 ha·

78 3839 192 3901 parentes,
207 3845 237 3885 ur
249 3829 349 3908 legibus,
359 3847 412 3888 etc.
450 3827 543 3886 Sedet
572 3829 689 3888 buerunt
696 3823 944 3904 Catulusethaesar.
964 3823 1039 3882 Vide
1058 3857 1074 3868 ·*

84 3911 123 3972 hic
142 3933 192 3991 pro
213 3916 354 3974 oratorum
378 3913 484 3978 ridetur
502 3916 540 3973 le·
573 3916 602 3976 ii.
616 3939 641 3994 3.

788 4199 853 4282 rr:
877 4145 1046 4277 222...
