2878 4748
254 461 358 568 340
582 447 680 543 DE
735 426 1110 546 ΟΜΝΗ

377 596 565 678 munione
583 595 801 679 voluissent.
842 600 930 692 Sed,
947 619 991 679 ut
1011 599 1211 708 pontifices
1229 615 1339 680 vete·

375 724 432 785 tes
452 728 604 817 propter
634 707 903 801 sacrificiorum
932 709 1226 791 multitudinem
1254 733 1333 788 tres

376 815 479 897 viros
493 819 676 924 epulones
696 819 768 898 ell'e
790 821 1008 916 voluerunt,
1028 819 1252 902 clim-client
1266 818 1335 926 ipfi

375 925 397 1006 d
422 925 570 1024 Numa,
593 951 635 1008 ut
654 929 772 1010 etiam
793 931 890 1013 illud
909 932 1092 1012 ludorum
1108 937 1262 1040 epulare
1280 928 1335 1009 sa-

375 1037 567 1118 crificium
582 1041 760 1135 facerent,
780 1042 943 1121 instituti
959 1073 970 1135 3
1000 1040 1049 1120 src
1061 1041 1242 1122 Socratici
1258 1041 1278 1120 d
1296 1041 1335 1120 se

376 1147 586 1229 caull'arum
602 1155 757 1243 adores,
771 1152 841 1232 etd
855 1152 1057 1234 communi
1078 1152 1334 1260 philosophiae

372 1259 533 1340 nomine
562 1259 837 1367 separaverunt,
879 1263 970 1344 edm
1007 1280 1152 1342 veteres
1179 1261 1333 1343 dicendi

375 1385 414 1448 et
443 1367 685 1482 intelligendi
706 1373 911 1454 mirificam
935 1369 1154 1454 societatem
1172 1370 1244 1454 ell'e
1264 1401 1335 1454 vo·

371 1477 540 1563 luiffent.
1098 1531 1102 1534 -

317 1639 327 1661 ·
430 1591 529 1690 Quae
548 1591 639 1674 clim
655 1594 708 1674 ita
726 1595 809 1688 sint,
828 1591 1048 1700 paullulum
1067 1594 1247 1704 equidem
1262 1595 1334 1677 'de

373 1727 437 1781 me
456 1702 697 1810 deprecabor,
716 1725 754 1784 et
774 1723 902 1811 petam
922 1703 1079 1797 dvobis,
1105 1724 1149 1784 ut
1167 1731 1225 1800 ea,
1243 1707 1337 1814 quae'

370 1814 510 1908 dicam,
529 1841 610 1894 nou
629 1815 676 1893 de
692 1814 930 1920 memetipso,
956 1815 1017 1894 sed
1036 1815 1084 1895 de
1101 1835 1251 1898 oratore
1268 1815 1332 1896 di-

297 1937 300 1958 *
370 1941 455 2002 cere
481 1925 639 2030 putetis.
695 1927 785 2034 Ego
802 1925 910 2004 euim
940 1923 1023 2004 sum
1046 1926 1094 2021 iu,
1125 1926 1209 2038 qui,
1237 1926 1332 2008 cum

369 2031 525 2115 summo
544 2034 669 2114 studio
683 2036 800 2140 patris
816 2035 856 2113 in
874 2035 1037 2143 pueritia
1052 2037 1187 2118 doetus
1201 2033 1332 2136 effem,

372 2143 466 2224 etin
479 2145 607 2227 forum
618 2143 765 2255 ingenii
777 2165 944 2240 tantum,
956 2167 1147 2253 quantum
1159 2146 1235 2254 ipse
1248 2147 1332 2228 sen-

367 2257 441 2353 tio,
459 2286 539 2338 uon
558 2278 726 2352 tantum,
737 2275 926 2368 quantum
947 2257 1023 2363 ipse
1043 2255 1199 2338 forlitan
1217 2257 1330 2341 vobis
1423 2339 1424 2363 ,

245 2387 252 2412 ⁹
370 2367 755 2466 videar,deu11ill'em,
769 2393 849 2448 non
863 2365 998 2475 poffim
1014 2367 1138 2448 dicere
1149 2395 1214 2450 me
1228 2367 1330 2464 haec,

371 2510 460 2592 quae
480 2509 584 2562 nunc
598 2481 846 2586 compledlor,
864 2477 1036 2584 perinde,
1052 2485 1097 2558 u't
1109 2479 1236 2559 dicam
1254 2478 1330 2560 dis·

368 2591 491 2672 cenda
504 2591 590 2686 elle,
600 2587 788 2670 didicisse:
810 2587 952 2698 quippe
966 2587 1033 2697 q'ui
1048 2587 1232 2670 omnium
1245 2611 1331 2670 ma·

367 2702 530 2782 tur'rimd
545 2701 592 2780 ad
611 2700 782 2806 publicas
795 2697 936 2784 caullas
948 2697 1179 2794 accesserim,
1192 2700 1329 2782 annos-

369 2843 445 2928 que
464 2814 789 2894 natus²unumet
808 2808 947 2916 viginti
964 2807 1240 2891 nobiliffimum
1254 2809 1331 2892 ho-

367 2926 518 3007 minem
533 2941 572 3002 et
586 2917 940 3030 eloquentiffimum
954 2917 996 2997 in
1007 2919 1204 3027 judicium
1216 2947 1330 3003 voca·

365 3033 541 3132 rim3cui
553 3029 753 3138 disciplina
766 3026 881 3108 fuerit
893 3029 1328 3154 fo'rum,magisterusus

362 3166 402 3228 et
422 3149 541 3256 leges,
559 3162 597 3224 et
616 3141 790 3222 instituta
807 3139 942 3248 populi
963 3139 1325 3252 Roman1,mosque
1413 3059 1416 3256 l

1181 3279 1242 3334 .m
1306 3299 1325 3318 ·

362 3367 405 3447 git
416 3369 471 3429 crim
483 3390 514 3425 ex
525 3366 606 3424 eodem
614 3365 688 3440 fiete
696 3347 832 3444 proriu'stud
859 3357 987 3437 durbia}
1008 3359 1082 3420 Illud
1102 3361 1133 3420 de
1155 3279 1325 3440 plandadnpo·

362 3454 469 3514 hmire
482 3456 588 3532 poffcnt:
616 3451 660 3510 sed
679 3451 748 3509 nihil
769 3471 828 3509 ruu-
860 3445 918 3509 sum
935 3448 980 3508 hle
993 3449 1118 3506 videtur:
1139 3447 1241 3509 Noster
1252 3449 1326 3510 enirn

362 3541 476 3599 tandum
489 3538 593 3609 censeo,
609 3537 628 3595 si
645 3537 727 3596 rerba
738 3558 770 3594 ex
781 3559 829 3616 quo
859 3532 954 3612 saepius
967 3535 1079 3593 verbum
1093 3535 1221 3615 deprecari
1235 3535 1329 3616 jungit

362 3625 435 3686 idem
459 3623 611 3702 liguificent
634 3643 666 3682 ac
685 3644 776 3700 quum
791 3637 828 3706 ut
857 3621 1018 3681 Accusativo
1044 3619 1187 3680 Persona:
1219 3621 1267 3684 Sic
1293 3624 1325 3684 in

359 3710 488 3770 uidentur
500 3709 530 3768 in
541 3709 593 3788 Ep.
604 3708 637 3766 ad
647 3706 768 3770 Famdx.
783 3727 825 3785 17.
857 3709 935 3768 Onu.
947 3710 981 3768 ud
994 3709 1075 3784 Qir.
1094 3709 1154 3790 poll
1173 3709 1244 3769 Red-
1257 3731 1281 3770 c·
1296 3732 1325 3788 3.

357 3797 481 3873 Hubussr'
494 3803 520 3854 in
533 3811 579 3856 lua
587 3793 714 3877 potestate,
734 3819 765 3856 cx
779 3819 826 3876 quo
857 3793 909 3854 Me
928 3797 1028 3872 fratris
1057 3794 1173 3871 lacrymae
1196 3797 1325 3876 firdffqte

357 3885 404 3942 uel
414 3905 445 3940 er·
454 3881 550 3958 fiili-lo,
573 3881 618 3938 vrl
629 3882 693 3940 ccrrd
711 3903 742 3939 rx
759 3881 826 3940 ebrio
855 3879 967 3958 lugubres
979 3880 998 3940 ἃ
1009 3879 1082 3938 vobis
1094 3882 1244 3960 depreoetae
1250 3882 1325 3960 sm.

347 3971 418 4049 stite
437 3971 532 4048 poffls:
563 3966 639 4026 Vide
661 3967 742 4026 etium
762 3989 824 4046 quae
854 3965 901 4026 Sic
913 3967 995 4025 etiarn
1008 3965 1039 4024 in
1058 3965 1136 4026 Oret.
1153 3989 1179 4026 ι.
1197 3967 1233 4026 de
1252 3965 1322 4047 Leg.

358 4051 393 4113 de
418 4055 470 4112 hac
496 4071 525 4111 re
547 4053 605 4112 dixi
632 4051 662 4111 iu
691 4053 762 4114 Not.
789 4054 825 4112 ud
855 4055 924 4132 Agr.
943 4073 969 4111 c.
984 4053 1030 4129 36.
1063 4052 1092 4108 u·
1110 4055 1176 4132 quid
1189 4053 1322 4134 deliquere,

359 4141 390 4200 ii.
402 4141 450 4200 68.
854 4137 931 4196 nulla
940 4138 1002 4213 surr!
1018 4141 1148 4217 imagines,
1167 4159 1226 4222 με
1240 4153 1284 4198 me
1300 4138 1323 4198 δ

400 4226 514 4288 rdeme
534 4225 680 4307 deprecabor
694 4238 824 4310 priorque
853 4223 925 4284 volis
953 4225 1140 4304 deprecentur.
1177 4223 1321 4322 Pumtge·

748 4319 755 4336 ⁸
1228 4327 1319 4371 mm!
