2870 4728
304 355 652 501 ‘Ltaanli
702 435 779 502 12.
1085 435 1147 533 27

18 607 19 610 a
86 547 192 644 cisse,
212 547 349 662 ⁴qutd
363 581 444 635 non
459 551 639 634 habuerit
657 553 759 634 hanc
778 549 931 636 dicendi
955 557 967 596 ⁵
983 551 1026 633 in

87 680 168 742 arte
189 661 317 742 aliena
336 663 575 746 facultatem.

63 851 67 857 ¹
141 772 253 872 Quid
272 801 364 886 ergo
384 775 565 857 interest?
594 795 660 862 aut
674 776 742 887 qut
757 775 943 856 discernes
958 803 1023 857 eo·
1055 757 1154 894 XIL'

85 913 192 979 rum,
211 913 310 996 quos
324 886 542 986 nominavi,
563 887 782 968 ubertatem
800 887 842 970 in
861 885 1024 969 dicendo
1128 985 1131 990 Ι

85 1015 124 1074 et
142 997 315 1105 copiam5
349 999 396 1078 ab
416 1026 553 1080 eorum
572 999 759 1096 exilitate,
781 999 849 1110 qui
869 997 944 1080 hac
963 997 1021 1078 di·

84 1107 199 1186 cendi
231 1109 413 1189 varietate
443 1130 482 1190 et
514 1111 705 1220 elegantia
733 1139 814 1216 non
833 1109 1023 1190 utuntur?

86 1215 227 1298 Unum
247 1219 320 1299 etit
339 1221 527 1329 profetTtd,
560 1222 665 1331 quod
685 1221 729 1319 ii,
753 1219 822 1333 qui
842 1223 940 1302 bene
960 1221 1020 1304 di·

84 1348 195 1424 cunt,
216 1329 381 1412 afferunt
400 1333 629 1441 proprium
660 1333 914 1442 compoiitam
933 1361 1020 1412 ota·
1057 1406 1058 1414 ,

83 1440 237 1521 tionem
268 1461 306 1522 et
324 1463 514 1538 ornatam,
543 1464 582 1522 et
612 1443 775 1526 artificio
793 1445 965 1553 quodam
984 1461 1023 1522 et

84 1551 323 1660 expolitione
342 1552 576 1648 distinctam.
615 1553 715 1635 Haec
735 1573 867 1634 autem
886 1553 1022 1649 oratio,

84 1661 109 1742 fi
129 1691 191 1743 res
210 1691 291 1744 non
312 1662 436 1744 subest
457 1665 502 1744 ab
515 1683 664 1745 oratore
711 1683 862 1772 ercepta
876 1683 915 1744 et
929 1691 1021 1772 cog·
1066 1697 1069 1702 ·

84 1773 183 1868 nita,
210 1794 277 1854 aut
296 1775 407 1856 nulla
425 1775 469 1856 fit
488 1773 634 1856 neceffe
655 1693 723 1870 ed,
753 1795 819 1855 aut
837 1774 1022 1856 omnium

84 1883 257 1968 irrifione
276 1887 442 1966 ludatur.
473 1887 602 1987 'Quid
620 1885 675 1967 est
694 1886 802 1966 enim
820 1906 903 1966 tam
923 1887 1019 1967 furi-

83 1994 213 2094 osum,
245 1985 364 2108 dudm
383 1989 592 2078 verberum
619 1997 682 2078 vel
699 1993 942 2107 optimorum
962 1997 1019 2077 at'·

109 2139 159 2188 ue
192 2109 520 2190 omatiffimorum
552 2109 699 2190 sonitus
737 2108 878 2204 inanis,
909 2108 1021 2192 nulla

84 2137 255 2331 iubjetia
284 2218 472 2304 sententia
501 2249 574 2301 nec
604 2219 785 2303 scientia?
821 2219 1021 2330 Quicquid

85 2332 156 2412 erit
178 2331 311 2442 igitur,
330 2360 577 2443 quacumque
597 2360 643 2412 ex
662 2351 755 2425 arte,
774 2357 1024 2442 quocumque

86 2443 310 2552 degenere,
342 2444 383 2523 id
401 2463 542 2538 orator,
575 2443 615 2536 fi,
645 2463 850 2554 tamquam
869 2441 1022 2534 clientis

87 2553 271 2647 caussim,
291 2554 478 2650 didicerit,
499 2556 600 2634 dicet
619 2551 761 2635 melias
775 2573 814 2633 et
832 2551 1021 2647 ornatiits,

87 2665 207 2776 quam
228 2666 295 2745 ille
315 2665 392 2772 ipse
411 2669 492 2778 ejus
513 2667 565 2746 tei
597 2665 776 2747 inventor
796 2685 909 2776 atque
929 2664 1022 2745 arti,-

88 2781 164 2859 fex.
214 2776 324 2856 Nam
343 2777 369 2856 fi
388 2777 476 2887 quis
495 2778 583 2875 erit,
605 2779 673 2889 qui
693 2776 770 2858 hoc
789 2777 905 2871 dicat,
935 2773 1025 2856 Effe

88 2888 275 3000 quasdam
287 2908 485 2970 oratorum
504 2891 676 2998 proprias
689 2887 893 2968 sententias
909 2906 1023 2997 atque

89 2999 245 3095 caudae,
276 3022 315 3080 et
334 3020 527 3081 certarum
554 3029 685 3082 rerum
705 2998 914 3081 forensibus
934 3026 1024 3076 can·

90 3111 198 3193 cellis
230 3110 560 3221 circumscriptam
601 3111 827 3204 scientiam3
876 3110 1025 3190 fatebor

91 3222 274 3344 equidem
298 3223 341 3303 in
371 3221 434 3302 his
453 3223 579 3334 magis
601 3221 738 3304 affidud
756 3219 893 3302 versari
923 3220 1025 3299 hanc

853 3331 1026 3413 n'ostram

90 3579 112 3616 c.
126 3557 173 3617 18.
186 3557 290 3616 Horum
301 3559 542 3640 alii,ficutisteipse
618 3563 744 3636 5inarte
759 3557 858 3632 aliena]
878 3556 923 3616 Sc.
936 3551 1027 3615 alieni
1150 3589 1154 3596 ·

92 3645 264 3726 diffundam,
277 3647 331 3719 hos,
354 3671 413 3727 quos
429 3670 471 3706 nos
484 3671 541 3706 ora-
575 3647 610 3706 ab
622 3645 793 3718 Omtoribut,
813 3644 947 3723 quoniam
957 3641 1023 3700 Phi·

93 3751 320 3808 numeraremus,
338 3735 541 3813 ahtteffedice-
575 3736 707 3816 losophia‚
727 3755 790 3815 quae
813 3732 866 3792 suit
887 3753 929 3792 art
942 3729 1024 3805 Cho*

93 3823 144 3896 bat,
161 3826 212 3902 nist
221 3841 285 3882 etc:
311 3841 342 3883 ut
363 3841 391 3883 et
411 3825 508 3885 Livius
521 3823 541 3882 i.
565 3825 641 3903 ſsppi‚
660 3841 724 3882 cum
738 3819 909 3899 Eloquentia‘t'
921 3837 956 3876 nc
970 3817 1022 3878 mi·

97 3913 138 3989 56.
158 3917 195 3986 Is,
208 3912 264 3973 caim
275 3919 398 3995 primores
416 3921 541 3984 civitatis,
576 3909 652 3969 nimi
665 3905 945 3984 sdcietateconjuncta
956 3905 1004 3965 est.

93 4008 117 4059 ia
128 4005 342 4083 quibusfiatrem
352 4001 438 4078 sicum,
457 4005 491 4061 ab
509 4025 539 4059 a·

93 4095 197 4151 cumulo
233 4091 406 4152 intersedium
438 4094 541 4171 audtffit
819 4165 824 4174 ¹

93 4199 139 4241 etc.
920 4179 1025 4259 (tquae,
