2858 4746
310 339 313 346 Ι
396 379 705 480 LinenII.
762 380 844 474 28.

123 516 463 646 strennu,.praestd
481 520 548 617 est,
566 519 635 630 qui
653 548 790 601 omnes
809 522 945 606 docere
962 519 1087 630 poffit,
1203 508 1223 556 ‘⁶'

121 629 194 740 qui
214 628 291 710 hoc
309 659 458 737 primus
477 631 519 710 in
534 631 682 712 nostros
697 659 824 712 mores
839 631 1005 730 induxit,
1018 635 1087 748 qui

121 739 297 822 maxime
326 741 446 835 auxit,
483 743 553 854 qui
581 743 682 824 solus
708 742 847 828 effecit.
903 743 1089 870 Namque

120 879 211 961 ego,
231 853 371 934 Catule
389 851 536 962 (dicam
555 854 661 936 enim
676 868 757 935 non'
775 880 949 936 reverens
969 853 1097 938 allen·.

120 962 233 1042 tandi
261 957 549 1079 suspicionem),
580 963 780 1069 neminem
799 963 871 1048 else
895 987 1091 1050 oratorem

119 1075 241 1181 paulo
269 1075 518 1156 illustriorem
547 1077 719 1172 arbitror,
747 1103 872 1186 neque
900 1077 1088 1162 Graecum

120 1211 251 1294 neque
269 1185 480 1282 Latinum,
510 1214 631 1298 quem
659 1207 751 1267 aetas
779 1185 906 1268 nostra
934 1189 1084 1285 tulerit,

119 1323 242 1404 quem
271 1323 353 1378 non
380 1319 419 1378 et
458 1298 553 1406 saepe
581 1317 620 1377 et
648 1298 853 1408 diligenter
880 1299 1083 1384 audierim.

1112 386 1222 499 1&¹

120 1405 273 1516 Itaque,
304 1408 330 1491 fi
350 1408 445 1532 quid
464 1407 519 1487 est
538 1409 580 1489 in
599 1437 680 1504 me,
714 1409 819 1532 quod
834 1409 922 1532 jam
940 1411 1088 1516 sperare
1163 1489 1167 1492 .

117 1517 267 1614 videor,
280 1546 467 1630 quomam
480 1519 640 1631 quidem
654 1545 736 1612 vos,
755 1519 817 1600 lus
831 1519 998 1626 ingeniis
1010 1520 1085 1602 ho·

117 1627 265 1723 mines,
280 1651 434 1712 tantum
453 1657 580 1736 operae
595 1628 695 1708 mihi
707 1629 756 1707 ad
769 1629 1086 1711 audiendumda·
1129 1645 1131 1656 '

118 1739 188 1834 tis,
209 1767 258 1820 ex
276 1769 323 1820 eo
341 1741 411 1836 est,
433 1739 537 1850 qudd
555 1740 657 1822 nihil
674 1737 880 1850 quisquam
897 1767 1086 1850 umquam

118 1877 187 1930 me
199 1852 377 1934 audiente
397 1855 476 1962 egit
487 1871 627 1947 orator,
647 1851 751 1962 quod
772 1879 850 1932 non
868 1849 911 1930 in
931 1879 1085 1933 merno-

118 1957 178 2041 ri'a
196 1989 285 2044 mea
303 1961 457 2072 penitus
472 1962 659 2044 insederit.
695 1963 828 2072 Atque
846 1989 920 2070 ego
938 1962 972 2042 is
998 1961 1086 2078 (qui

118 2074 223 2170 sum,
254 2066 589 2192 quantuscumque
618 2073 703 2156 sum
723 2074 774 2152 ad·
791 2073 1097 2188 judicandum).

115 2185 305 2266 omnibus
325 2186 465 2270 auditis
479 2183 710 2278 oratoribuS,
741 2183 818 2262 fine
836 2183 918 2262 ulla
932 2183 1085 2264 dubita-¹

117 2297 228 2379 tione
248 2297 297 2376 fic
317 2297 442 2380 statuo
461 2315 499 2382 et
511 2295 662 2406 judico,
682 2293 882 2390 neminem
901 2294 1084 2380 omnium

116 2426 180 2488 tot
198 2427 236 2487 et
257 2429 377 2503 tanta,
408 2427 551 2518 quanta
570 2407 659 2486 sunt
686 2405 728 2511 in
743 2402 890 2497 Crasso,
911 2401 1084 2484 habuillie

115 2538 347 2600 ornamenta
361 2517 528 2599 dicendi.
560 2515 844 2618 Quamobrem,
860 2513 887 2593 fi
902 2541 970 2593 vos
984 2541 1084 2624 quo-

114 2658 195 2740 que
210 2628 286 2711 hoc
301 2629 406 2710 idem
418 2627 657 2722 existimatis,
670 2653 749 2708 non
764 2623 851 2721 erit,
872 2641 918 2705 ut
932 2625 1083 2732 opinor,

115 2739 252 2851 iniqua
279 2740 447 2850 partitio,
476 2740 518 2836 fi,
549 2739 641 2822 clim
656 2765 731 2848 ego
750 2738 856 2818 hunc
875 2754 1082 2834 oratorem,

113 2880 237 2964 quem
256 2881 361 2934 nunc
381 2851 500 2962 fingo,
528 2869 572 2930 ut
590 2848 755 2942 institui,
780 2875 922 2941 crear0,
937 2847 1081 2952 aluero,

115 2961 360 3058 confirmaro,
375 2963 524 3044 tradam
535 2989 632 3042 eum
643 2957 777 3044 Crasso
789 2979 828 3038 et
839 2955 1082 3040 vestiendum

113 3093 155 3154 et
185 3075 417 3155 ornandum.
470 3073 582 3152 Tum
604 3069 773 3178 Crassus,
796 3071 864 3148 Tu
883 3068 989 3164 verd,
1015 3067 1081 3148 in·
1164 3139 1169 3148 .

113 3183 219 3300 quit,
229 3183 396 3279 Antoni,
411 3201 594 3293 pergent
606 3179 820 3304 instituisti:
835 3178 1080 3294 nequeenim

112 3294 172 3376 cst
191 3295 284 3378 boni
304 3323 429 3406 neque
444 3295 611 3375 liberalis
639 3310 822 3403 parentrs,
853 3317 972 3482 auem
989 3318 1080 3398 pro·

113 3405 253 3487 crearit
271 3425 310 3487 et
328 3405 515 3501 eduxerit,
542 3432 634 3484 eum
654 3431 733 3487 non
752 3421 791 3482 et
804 3429 851 3481 ve

109 3546 230 3614 nare;
256 3515 467 3626 praesertim
486 3515 578 3598 cum
598 3536 635 3595 te
661 3501 987 3622 locupletem-effe
1005 3537 1075 3590 ne·

108 3655 304 3754 garenon
332 3627 457 3754 poffis.
517 3627 634 3728 Quod
658 3625 765 3706 enim
783 3631 1076 3716 ornamentum,

78 3847 81 3852 Ι
108 3767 203 3854 quae
217 3767 289 3838 vrs,
302 3767 371 3856 qur
390 3739 663 3850 animusuquae
676 3733 842 3850 dignitas
856 3731 917 3816 illi
935 3730 1077 3928 ἓτεῶᾳῑί

612 3899 614 3906 ,
961 3871 981 3928 e
1027 3863 1077 3942 rt,

149 4095 172 4154 4
202 4071 348 4160 ,ustam
369 4073 502 4156 nomae]
541 4071 585 4154 Ie
613 4071 692 4149 nug.
724 4069 795 4130 noa
832 4083 860 4130 e
890 4060 988 4164 nors..
1013 4060 1086 4143 qun

105 4163 190 4228 Msti
214 4163 275 4226 Bal
297 4161 380 4249 Joeu.
401 4163 478 4224 Non
498 4159 580 4244 Wag.
613 4164 663 4220 bu·
687 4155 859 4224 consentiunt
878 4157 1022 4220 Mannum
1047 4165 1077 4209 et

886 3401 998 3484 irevet
1016 3429 1078 3480 or·
1149 3455 1152 3462 ,

610 4242 717 4326 n,
988 4229 1114 4297 un..

792 4394 810 4442 Ι
