2870 4728
246 425 313 518 24

579 393 1086 502 Dan-trortn

371 553 534 636 machus
545 571 584 634 et
596 549 804 635 AEschines
818 553 1069 636 obtinebantr
1090 570 1170 634 erat
1181 550 1300 638 etiam

372 663 631 760 Metrodorus,
650 665 718 790 qui
738 693 831 745 cum
851 664 1022 746 illisum
1040 663 1166 773 ipsum
1184 665 1302 789 illum

371 775 612 857 Carneadem
632 775 858 885 diligentius
878 776 1064 873 audierat,
1095 776 1302 856 hominem

272 921 275 928 ·
297 917 301 925 ·
369 886 552 968 omnium
567 888 609 968 in
623 885 798 980 dicendo,
810 906 855 967 ut
870 889 1054 982 ferebant,
1070 885 1303 980 acerrimum

370 1015 410 1078 et
429 998 737 1107 copiosrffimum.
776 997 949 1110 Vigebat
967 999 1119 1082 auditor
1138 994 1303 1078 Panaetii

369 1108 478 1190 illius
490 1109 548 1190 tui
561 1095 826 1204 Mnesarchus,
841 1125 855 1171 ⁷
868 1129 910 1215 etv
918 1108 1161 1217 Peripatetici
1173 1107 1303 1218 Crito.-

371 1219 423 1302 lai
440 1219 659 1304 Diodorus:
680 1219 798 1305 multi
818 1241 925 1301 erant
939 1241 1121 1329 praeterea
1131 1215 1317 1327 praeclari'

372 1329 413 1410 in
433 1329 678 1439 philosophia
692 1351 731 1410 et
746 1332 908 1425 nobiles,
928 1331 1103 1442 siquibus
1118 1329 1302 1412 omnibus

371 1442 386 1490 ⁸
408 1469 485 1522 una
509 1469 618 1550 paene
637 1462 734 1523 voce·
752 1443 886 1552 repelli
906 1465 1099 1524 oratorem
1121 1441 1142 1524 it
1160 1441 1302 1550 guber·

372 1552 522 1634 naculis
537 1551 757 1650 civitatum,
772 1555 924 1636 excludi
943 1555 990 1635 ab
1004 1551 1114 1634 omni
1125 1551 1304 1633 ‘doctrina

371 1679 579 1775 rerumque
598 1667 792 1773 majorum
826 1664 995 1761 scientia,
1026 1692 1069 1744 ac
1088 1663 1242 1744 tannim
1261 1660 1304 1742 in

364 1773 511 1882 judicia
522 1795 561 1852 et
572 1774 863 1871 contiunculas,
878 1795 1079 1885 tamquam
1091 1775 1133 1868 in
1145 1775 1304 1884 aliquod

310 1927 321 2004 ss
369 1883 593 1990 pistrinum,
625 1885 776 1965 detrudi
810 1906 847 1965 et
873 1887 1073 1995 compingi
1108 1885 1301 1966 videbam.

371 1993 445 2072 Sed
460 2021 533 2103 ego
548 2021 672 2104 neque
688 1995 766 2075 illis
778 1993 1012 2095 adsentiebar,
1025 2025 1149 2107 neque
1161 1996 1304 2076 harum

370 2103 676 2211 disputationum
702 2106 894 2187 inventori
914 2129 954 2188 et
974 2108 1154 2216 principi,
1187 2105 1304 2214 longs

369 2215 551 2294 omnium
571 2215 795 2302 indicendo
814 2220 1032 2327 gravissimo
1051 2239 1089 2298 et
1118 2222 1305 2327 eloquen·
1426 2291 1427 2326 ,

369 2323 527 2426 tilfimo,
551 2325 730 2430 Platoni3
762 2332 869 2442 cujus
889 2350 976 2418 tum
996 2327 1164 2412 Athenis
1179 2343 1194 2392 ⁹
1208 2355 1304 2409 cum

1079 2439 1304 2538 Charmada

368 2615 438 2672 quos
459 2597 527 2668 vidi,
554 2597 629 2656 Msri
650 2597 754 2656 habent
780 2594 818 2655 ibi
834 2597 838 2606 '
853 2601 910 2660 fore
924 2600 1025 2660 credidi
1039 2603 1114 2660 hunc
1125 2601 1215 2658 locum
1226 2598 1303 2655 lucu·

368 2681 551 2754 Charmadam,
585 2683 711 2760 poscente
737 2681 819 2740 etiam
850 2685 930 2746 lentis
959 2687 1124 2767 argumentis
1154 2682 1303 2762 explicare,

369 2765 463 2826 sensu:
484 2767 561 2827 Paret
580 2767 652 2840 idem
673 2787 707 2826 ex
727 2767 758 2824 ii·
772 2767 819 2824 88·
833 2843 838 2862 ι
850 2771 898 2856 qui
921 2773 1042 2846 Petavio,
1066 2771 1187 2830 Stanleio
1202 2768 1303 2840 nostro,

362 2855 429 2926 ubi,
440 2855 536 2936 Jonsro
544 2855 664 2932 primum
676 2871 787 2912 notante
794 2869 822 2912 et
834 2927 838 2944 ι
850 2859 964 2939 aliisque
973 2858 1191 2938 Chronologiam
1200 2857 1303 2916 docen-

371 2941 517 3000 Gronorio
553 2941 729 3020 approbante,
770 2961 821 3018 pro
835 2947 936 3019 'ribusq
947 2967 1060 3028 magnas
1074 2945 1142 3006 olim
1152 2945 1243 3003 turbas
1252 2963 1302 3001 ert·

369 3029 523 3086 Carneadm
533 3025 590 3103 jam
605 3026 720 3105 legimus
734 3027 819 3084 Char·
834 2993 838 3061 l
851 3033 981 3092 citaverit,

370 3116 480 3183 modam,
507 3113 663 3172 testimonio
686 3111 770 3171 Plinii
793 3129 821 3170 et
894 3119 1112 3200 yrth'patetr'ci
1124 3114 1237 3177 Critolai
1246 3113 1303 3172 Di·

372 3199 530 3270 austeritate
551 3198 707 3258 MStorum.
754 3197 819 3274 3tio.
834 3179 838 3212 ¹
851 3205 963 3280 odoras]
985 3205 1102 3265 Haecest
1115 3202 1195 3263 lec'tio
1205 3199 1303 3260 MSto·

369 3285 466 3344 Sextus
486 3285 641 3362 Empiricos
662 3305 719 3362 non
740 3284 821 3345 semel
852 3303 911 3342 rum
939 3285 1056 3344 duorum
1082 3283 1148 3343 Pell.
1169 3297 1197 3340 ct
1219 3279 1304 3337 trium

369 3372 436 3432 dicit
456 3373 629 3431 Charmadam
654 3374 709 3447 (vel
736 3371 820 3428 Char·
835 3373 838 3398 ²
852 3371 1008 3443 Gulielmii,
1018 3372 1211 3450 necnonJoan.
1222 3369 1303 3447 Mag.

834 3419 839 3489 l

345 3491 348 3500 ·
368 3462 477 3528 midam)
495 3460 689 3520 Academlcum
704 3457 785 3520 fuisse
794 3473 821 3516 et
851 3475 879 3516 et
892 3459 969 3519 Harl.
986 3459 1119 3518 duorum:
1141 3459 1305 3536 testaturque

369 3543 527 3605 Academiae
548 3545 712 3625 principem.
763 3561 819 3620 4to.
852 3543 951 3606 Cicero
964 3545 998 3604 de
1008 3547 1069 3605 Fin.
1079 3567 1106 3604 v.
1120 3563 1145 3624 5.
1159 3545 1304 3603 Diodorum

369 3633 447 3714 idem
460 3632 564 3718 scriptis
576 3632 715 3692 mandavit
727 3631 820 3712 dispu-
853 3629 930 3690 suill'e
940 3631 1090 3692 auditorem
1099 3631 1215 3689 Critolai.
1236 3629 1303 3689 Por·

366 3719 499 3796 titionem
510 3719 818 3800 quandamCharmadae,
853 3721 895 3790 τὸ,
907 3739 938 3777 ea
948 3736 1114 3800 argumenta,
1128 3718 1228 3798 quibus
1238 3737 1302 3794 pro·

369 3806 399 3864 in
408 3807 463 3886 quit
471 3806 650 3884 Academicus
662 3806 709 3866 iste
722 3805 819 3890 probat
851 3799 915 3864 ba'vl
926 3807 1080 3864 camaram
1089 3791 1123 3863 ad
1132 3804 1303 3880 Qaesturam

368 3891 543 3952 Rhetoricant
557 3913 614 3962 non
627 3893 680 3952 elle
694 3907 778 3951 artem
792 3908 819 3951 et
851 3891 932 3954 Craffi
953 3913 1009 3952 non
1020 3891 1124 3962 vixisse,
1148 3890 1207 3950 satis
1220 3890 1303 3950 doce-

367 3977 640 4058 Rhetorescxagitrtt3
651 3977 820 4058 quaomnia
850 3977 921 4036 bunt
933 3998 969 4036 ne
981 3979 1120 4036 Critolaum
1139 3976 1251 4058 quidem
1271 3975 1303 4035 iu

368 4065 432 4124 Sex.
443 4065 575 4148 Empirici
590 4063 744 4126 testimonia
753 4065 819 4126 huic
850 4063 1210 4143 Crathaesturdviguilse5
1225 4063 1302 4142 qnod

367 4153 429 4222 loco
438 4149 542 4236 optime
550 4151 726 4214 conveniunt.
741 4149 819 4213 Utile
851 4165 943 4210 tamen
956 4169 1012 4234 prae
1030 4147 1121 4212 resen
1134 4149 1180 4208 illa
1192 4150 1304 4228 vulgata

1209 4235 1304 4316 lectio,
