2864 4732
377 381 663 476 LronnL
720 381 795 505 56.
1083 399 1217 472 ιη’

142 523 264 626 Quod
295 523 387 607 vero
416 529 427 564 ³
454 524 738 631 impudentiam
771 522 983 603 admiratus
1013 549 1054 602 es
1093 539 1176 602 Lvl.

78 639 230 717 eorum
256 651 521 742 patronorum,
551 635 620 746 qui
639 654 720 730 aut,
742 631 834 714 ciun
852 663 966 744 parva
985 661 1054 714 ne-

79 747 245 840 scirent,
261 775 402 854 magna
416 746 698 854 profiterentur,
718 747 784 826 aut
798 775 854 840 ea,
896 775 956 826 uae
971 773 1061 825 ma·

81 858 197 938 xinia
211 855 331 937 essent
351 857 391 938 in
404 859 492 966 jure
507 856 628 952 civili,
643 861 802 937 tranare
818 777 1000 937 aulerent
1016 857 1057 936 in

82 967 242 1063 caussis,
273 963 365 1046 cum
383 997 428 1048 ea
448 965 650 1063 nescirent,
674 983 780 1058 ,nur'n
806 995 974 1078 namque
993 967 1056 1048 di·
1130 1019 1132 1028 ι

83 1077 291 1174 dicissent3
317 1079 515 1188 utriusque
534 1079 587 1159 rei
618 1078 741 1158 facilis
760 998 816 1158 eli
844 1099 883 1158 et
903 1099 1057 1186 promta

82 1189 272 1271 defensio.
330 1188 438 1270 Nam
461 1217 586 1301 neque
614 1191 711 1270 illud
731 1188 786 1270 est
815 1189 1054 1285 mirandum,

84 1300 175 1412 qui,
193 1309 210 1342 ⁴
223 1301 366 1411 quibus
380 1299 504 1380 verbis
517 1299 775 1396 co'e'mtio'fian
795 1301 947 1394 nesciat,
960 1330 1056 1380 eun·
1106 1332 1110 1342 ·

84 1415 181 1492 dem
201 1415 283 1522 ejus
311 1411 500 1505 mulieri3‚
519 1439 606 1520 quae
625 1411 887 1492 co'e'rntionern
905 1413 1055 1505 fecerit,

86 1521 260 1605 caussam
280 1521 381 1630 posse
393 1523 614 1603 defendere:
645 1522 770 1617 nec,s1
789 1525 894 1628 parvi
911 1522 1056 1634 navigii
1124 1535 1131 1558 ¹

85 1655 127 1714 et
147 1633 285 1742 magni
297 1632 439 1736 eadem
459 1631 514 1714 est
545 1632 585 1712 in
604 1631 866 1742 gubernando
884 1633 1056 1730 scientia,

86 1743 336 1854 idcircoqui,
354 1743 517 1854 ⁵quibus
531 1745 654 1823 verbis
670 1748 821 1824 erolum
833 1744 924 1825 cieri
939 1775 1057 1854 opor·
1137 1757 1140 1762 ’

86 1875 184 1949 teat,
212 1855 365 1946 nesciat,
394 1855 499 1934 idem
519 1855 748 1936 erciscundae
768 1857 929 1939 familiae
949 1857 1056 1939 caus·
1104 1945 1108 1953 ,
1167 1881 1169 1887 ⁴

70 1967 172 2047 'sam
193 1993 303 2076 agere
322 1994 402 2045 non
429 1965 551 2074 p‘olfit.
610 1965 717 2046 Nam
736 1967 841 2078 quod
869 1969 1057 2050 maximas
1107 1971 1110 1978 '

87 2076 540 2158 centumviralescaussas
552 2077 593 2157 in
607 2079 686 2157 'ure
697 2078 833 2186 positas
845 2079 1057 2189 protulisti3

86 2217 179 2300 quae
193 2187 351 2268 tandem
365 2215 500 2268 earum
514 2106 638 2268 caulla
652 2189 739 2284 suit,
751 2217 840 2299 quae
859 2193 906 2272 ab
925 2190 1058 2273 horni-

27 2373 32 2388 ,
88 2329 140 2380 ne
158 2300 375 2424 eloquenti,
393 2298 492 2409 juris
511 2297 705 2407 imperito,
725 2329 805 2381 non
823 2301 1056 2382 ornatiffirne

87 2409 373 2520 potuerrtdici?
392 2408 533 2522 quibus
543 2409 711 2598 guidem
723 2411 764 2491 in
776 2411 907 2492 cauffis
926 2411 1056 2493 omni-

89 2526 180 2617 bus,
206 2520 300 2601 srcut
315 2522 357 2600 in
375 2521 455 2629 ipsa
466 2519 527 2600 Μ’
579 2519 670 2616 urii,
692 2549 779 2630 quae
797 2523 916 2603 abste
935 2535 1057 2630 nuper

90 2632 147 2714 est
161 2631 278 2728 dista,
293 2653 331 2711 et
350 2633 391 2712 in
406 2631 453 2712 C.
466 2629 626 2712 Hostilii
643 2632 819 2713 Mancini
831 2653 1055 2715 controver-

90 2745 154 2837 fia,
173 2763 289 2854 atque
304 2743 345 2824 in
360 2771 407 2824 eo
425 2770 557 2850 puero,
571 2743 639 2853 qui
654 2771 700 2822 ex
719 2745 836 2826 altera
850 2764 963 2826 natus
976 2761 1058 2844 erat
1092 2739 1108 2794 f

90 2882 227 2948 uxore,
251 2883 330 2934 non
349 2851 503 2934 remisso
522 2852 662 2934 nuntio
680 2853 878 2962 superiori,
901 2857 976 2936 fuit
994 2855 1054 2938 in-

90 2985 148 3046 ter
166 2964 409 3074 peritissimos
428 2963 608 3046 homines
629 2964 782 3047 summa
800 2971 846 3046 de
869 2969 957 3076 jure
976 2965 1054 3048 dis·

93 3075 223 3158 sensio.
280 3077 426 3176 Quaero
445 3073 577 3184 igitur,
604 3075 700 3202 quid
718 3077 904 3189 adjuverit
927 3099 1055 3159 orato-

97 3213 181 3268 rem
196 3189 238 3268 in
252 3185 314 3267 his
329 3185 460 3268 cauffis
469 3186 567 3296 juris
580 3186 746 3279 selentia,
761 3187 852 3270 cum
864 3187 930 3270 hic
937 3188 1056 3300 juris·

91 3296 290 3380 consultus
309 3297 477 3404 superior
495 3296 612 3378 fuerit
627 3299 864 3397 discessum,
877 3303 944 3410 qui
964 3299 1056 3381 esset
1183 3393 1185 3396 ,

91 3437 171 3492 non
184 3407 254 3490 suo
268 3407 446 3503 artificio,
460 3407 522 3488 sed
537 3406 677 3506 alieno,
689 3411 847 3508 hocell,
862 3441 942 3504 non
954 3411 1053 3521 juris

93 3519 261 3616 scientia,
272 3520 335 3601 sed
349 3521 570 3630 eloquentia
583 3519 829 3622 sustentatuse
844 3523 1056 3635 'Equidem

977 3632 1055 3712 hoc

93 3823 233 3904 verbisque
246 3819 409 3902 quibusdam
431 3821 556 3886 solemni·
588 3823 765 3885 hereditatem
790 3823 894 3887 dividi:
927 3823 1056 3904 idemque

93 3917 141 3976 bus
154 3911 326 3995 utivquibus
348 3917 501 3976 collationem
513 3913 559 3991 fi·
589 3913 660 3970 valet
685 3911 797 3992 phrasis,
829 3934 892 3994 quae
926 3909 1055 3990 sequitur,
1145 3916 1147 3932 ¹
1255 3941 1257 3956 ·

93 4005 159 4062 ecrit.
414 4063 418 4072 ¹
590 3998 734 4075 ercffiundae
741 3996 865 4074 familie,
886 3997 920 4057 sc.
930 3997 1054 4059 dividen-

132 4083 256 4168 5qu1'bus
268 4084 357 4148 ,verbis
377 4088 470 4145 erolum
481 4090 556 4166 cieri]
589 4085 631 4144 ‹1ae
657 4081 767 4142 familie
801 4085 857 4146 five
881 4083 1054 4152 hereditati„

91 4171 236 4264 Prr'roces
248 4171 341 4232 neum
353 4177 414 4234 cieri
426 4171 557 4256 intellige,
590 4169 838 4250 namfamr'liaevox
852 4173 1053 4234 ornnemhere-
1181 4211 1182 4216 η

932 4260 1055 4332 ditarem,
