2890 4752
357 391 574 486 Linatt
620 381 682 486 11.
737 384 816 512 74.
1096 390 1192 523 269

90 533 177 616 tuis
208 527 386 616 laudibus
406 531 506 612 hanc
526 532 600 614 effe
619 535 683 613 vel
708 533 935 627 maximam,
963 531 1069 642 qndd

91 677 179 728 non
192 645 332 738 solum,
346 644 451 754 quod
463 673 558 750 opus
571 642 837 740 ell'et,dicere5,
853 645 916 724 sed
931 645 1066 739 etiam,

87 758 205 868 quod
225 785 304 837 non
319 783 416 862 opus
430 751 533 848 efl'et,
552 783 632 834 non
648 754 790 836 diceres
800 782 814 834 ¹:
844 775 931 834 tum
952 757 1067 836 illum

91 867 203 948 mihi
223 866 444 972 respondere
461 863 643 958 memini,
660 887 792 944 caetera
807 864 847 944 in
864 879 901 944 te
917 865 1068 948 summ&

89 975 175 1058 ess'e
190 977 391 1076 laudanda,
405 975 505 1054 illud
519 975 610 1056 verb
625 975 793 1083 improbi
805 977 883 1058 'elle
895 977 1068 1058 hominis

91 1109 139 1170 et
155 1087 359 1198 perfidiosi,
377 1084 502 1166 dicere
517 1085 622 1195 quod
637 1086 811 1166 alienum
826 1087 930 1180 efi'et,
946 1108 984 1168 et
996 1117 1067 1169 no··

91 1219 206 1280 ceret
235 1198 286 1292 ei,
318 1203 419 1304 ⁷pto
445 1226 524 1308 quo
542 1195 629 1306 quis
649 1197 814 1280 diceret:
843 1227 960 1310 quare
989 1227 1069 1282 nnn

94 1310 172 1390 fibi
192 1337 283 1389 eum
299 1308 496 1402 disertum,
516 1307 583 1416 qui
604 1307 644 1386 id
660 1337 740 1388 non
756 1305 909 1404 faceret,
924 1309 1066 1404 videri}

96 1421 168 1504 sed
196 1421 437 1530 improbum,
469 1419 535 1530 qui
566 1419 716 1498 faceret.
775 1417 909 1512 Nunc,
937 1419 963 1498 fi
996 1420 1068 1500 tibi

96 1533 269 1624 videtur,
299 1527 466 1622 Antoni,
498 1526 750 1622 demonstres,
780 1529 922 1624 velim,
952 1555 1068 1639 quare

97 1663 146 1724 tu
164 1644 239 1723 hoc
252 1641 306 1721 ita
320 1668 511 1750 magnum
527 1658 650 1748 putes,
664 1638 766 1719 nihil
785 1638 825 1718 in
837 1639 960 1720 caufl'a
973 1639 1066 1720 mali

97 1757 241 1847 facere,
269 1772 313 1832 ut
332 1751 434 1830 nihil
454 1749 525 1832 tibi
552 1750 595 1830 in
614 1771 762 1832 oratore
782 1753 906 1859 majus
921 1747 993 1832 effe
1007 1751 1065 1830 vi*

98 1865 254 1944 deatur,
377 1929 380 1936 .

160 1973 306 2054 Dicam
320 1973 514 2084 equidem,
530 1971 669 2066 Caesar,
683 1972 825 2083 inquit,
839 1969 932 2084 quid
953 1972 1070 2054 intel·
1095 1997 1232 2058 LXXIV.
1343 2019 1347 2034 ·

100 2085 251 2194 ligam:
281 2085 400 2166 sedet
420 2103 476 2178 tu,
496 2103 534 2162 et
555 2111 622 2166 vos
641 2112 793 2179 omneS,
815 2086 904 2180 hoc,
923 2085 1067 2196 inquit,

100 2214 363 2290 mementote,
380 2223 459 2276 non
474 2221 538 2274 me
553 2195 599 2274 de
619 2195 777 2302 perfecti
795 2195 954 2276 oratoris
968 2195 1070 2277 divi·

101 2305 228 2388 nitate
246 2307 414 2416 quadam
433 2305 557 2414 loqui,
585 2305 647 2384 sed
667 2305 713 2384 de
732 2307 1013 2386 exercitationis
1032 2325 1073 2386 et

101 2413 395 2499 consuetudinis
415 2444 509 2496 meae
524 2415 801 2495 mediocritate.
844 2417 963 2496 Cralli
980 2417 1071 2528 qni-

103 2529 201 2608 dem
214 2527 433 2636 responsum
442 2513 669 2608 ’excellentis
682 2527 879 2635 cujusdam
893 2523 948 2606 est
963 2513 1071 2636 inge·

104 2637 168 2718 nii
183 2667 226 2718 ac
241 2638 463 2748 singulatim
485 2635 574 2716 8cui
589 2635 748 2746 quidem
763 2637 931 2744 portenti
949 2638 1071 2718 limile

104 2749 184 2830 ell'e
204 2749 332 2830 visum'
349 2747 416 2842 est,
445 2746 547 2856 polle
562 2749 734 2858 aliquem
753 2746 916 2829 inveniri
945 2769 1085 2836 oratos

104 2888 207 2956 rem,
218 2861 287 2972 qui
299 2860 445 2970 aliquid
458 2858 552 2940 mali
572 2861 713 2939 faceret
725 2858 900 2954 dicendo,
912 2859 1074 2941 obellet·

103 3001 187 3084 que
206 2973 258 3067 ei,
279 2999 399 3082 quem
413 2970 644 3051 defenderet.
684 2977 698 3012 ⁹
714 2969 824 3050 Facit
842 2969 951 3052 enim
970 2971 1015 3050 de
1036 2974 1072 3052 se

910 3151 915 3172 ,
978 3110 1072 3162 con-

103 3233 134 3272 c.
149 3228 198 3285 43.
217 3223 312 3266 contra
323 3207 487 3280 Antonium,
498 3207 576 3285 hujus
646 3208 1072 3288 7proqnoquisdiceret:]1ta
1180 3245 1184 3251 ·

106 3295 194 3374 ipsius
217 3293 270 3352 uiri
289 3310 427 3374 nepotem,
447 3293 578 3366 mucellos,
608 3291 768 3364 Lambinus,
801 3309 829 3352 et
848 3291 922 3351 MSti
947 3295 1023 3354 Nov.
1044 3313 1072 3354 et

106 3381 263 3442 dicineum
290 3399 346 3440 non
370 3381 505 3440 imitatum
528 3383 580 3441 elle
607 3377 675 3438 Bod.
715 3380 821 3458 Vulgo,
841 3393 890 3458 pro
908 3403 956 3458 quo
974 3383 1073 3460 qay'pue

106 3470 190 3528 suum
233 3485 324 3526 avum.
391 3469 580 3546 Disersffmum
606 3467 705 3534 dicaret,
726 3465 911 3526 minuerent.
949 3533 956 3548 ὓ

106 3557 218 3634 ctgmi
228 3575 310 3612 ovum
322 3569 412 3612 tuum.-
429 3572 459 3612 at
470 3571 494 3613 te
505 3560 581 3616 etiam
647 3553 783 3633 BVulgo,
804 3559 846 3612 cui
865 3550 995 3632 quiddam
1012 3566 1074 3634 ptr·

106 3640 276 3720 apertiorem
307 3644 334 3697 in
365 3641 473 3700 dicendo.
537 3643 582 3700 llo
608 3643 669 3696 tenti
680 3640 775 3716 fimile]
797 3639 938 3698 Editiones
954 3641 1029 3699 Ven.
1050 3656 1077 3700 et

108 3748 239 3806 nunquam
259 3726 464 3802 concionatusgss
485 3729 582 3786 nudus:
610 3725 740 3794 Manutii,
771 3725 846 3784 MSti
871 3724 952 3782 Cant.
980 3725 1097 3786 ll⁴1ead.=

108 3831 184 3874 tuum
215 3812 322 3900 beguinis
347 3813 469 3892 ftxpls'cis
497 3817 582 3892 pedus
611 3809 692 3889 Wag.
721 3809 811 3870 Harl..
831 3810 895 3882 duo,
935 3809 1020 3872 Nori.
1047 3827 1077 3872 et

108 3899 236 3958 vidimus.
289 3897 347 3956 Ubi
374 3896 515 3958 manifesta
539 3900 580 3957 in·
610 3917 704 3956 omnes
730 3897 900 3956 oxonienses
932 3897 1075 3974 exhibent,

110 3983 176 4050 nuit
206 3981 362 4042 Antonium
386 4003 466 4042 avum
495 3988 582 4042 tetiam
608 3988 650 4040 cui
663 3982 775 4062 quidem
783 3989 893 4061 portenti
905 4001 956 4044 etc.

111 4068 202 4140 fuiffe,
215 4069 281 4130 clam
294 4067 361 4146 dicit
373 4086 499 4148 nepotem
509 4085 582 4152 aper·
650 4090 668 4147 9
688 4071 851 4128 Facit'enim
870 4071 902 4130 de
910 4071 941 4148 se
958 4065 1076 4149 capenu-

109 4171 167 4214 sm
180 4151 268 4214 fusse.
474 4231 477 4238 ἢ
610 4157 690 4232 rana]
712 4157 868 4237 Praepofitio
887 4158 918 4218 de
936 4159 981 4218 bic
1002 4159 1076 4242 idean

645 4285 658 4328 1
1007 4245 1077 4300 valet
