2842 4744
228 413 324 533 246
572 411 1073 506 DaOaaroaa

353 555 535 636 Alterum
555 579 676 661 genus
692 551 758 644 est,
778 553 881 662 quod
901 551 1017 631 habet
1035 581 1191 660 parvam
1207 555 1316 636 verbi

352 651 680 757 immutationem,
695 663 799 772 quod
819 661 860 741 in
876 663 984 743 litera
999 665 1164 769 positum
1179 665 1313 746 Graeci

349 796 488 856 vocant
508 775 784 884 oapovopoeoloev,
805 781 881 850 ut⁴
903 774 1136 868 Nobiliorem,
1156 777 1315 856 mobilio-

350 917 424 968 rem
443 886 562 965 Cato:
586 905 662 976 aut,
677 904 721 962 ut
736 885 855 977 idem,
873 879 963 963 clun
975 885 1129 964 cuidam
1145 885 1312 981 dixisset,

350 1027 468 1080 eamus
505 995 786 1087 deambulatum
815 1014 852 1072 et
887 995 968 1090 ille,
998 995 1100 1104 Quid
1127 1013 1211 1108 opus
1228 998 1317 1109 fuit

351 1109 426 1189 de?
458 1107 650 1200 imovero,
683 1104 825 1214 inquit,
847 1106 936 1216 quid
950 1123 1031 1218 opus
1043 1106 1128 1218 fuit
1145 1111 1214 1186 te?
1246 1131 1315 1188 aut

351 1219 519 1330 ejusdcm
554 1215 739 1322 responsio
768 1215 851 1309 illa,
873 1217 914 1325 fi
948 1235 987 1298 tu
1019 1237 1053 1296 et
1084 1217 1255 1343 adversm
1280 1241 1316 1302 ct

300 1347 303 1356 ’
349 1330 495 1440 auersus
513 1326 765 1439 impudicitias.
804 1325 939 1408 Etiam
960 1327 1223 1434 interpretatio
1241 1361 1316 1412 no-

288 1521 293 1532 ,
349 1439 467 1520 minis
484 1441 597 1518 habet
614 1465 790 1530 acumen,
807 1437 897 1520 curn
918 1439 965 1518 ad
985 1439 1193 1519 ridiculum
1213 1469 1311 1522 con-

347 1573 482 1643 vertat,
529 1549 754 1630 namobrem
775 1549 828 1628 ita
846 1549 933 1658 quis
958 1571 1116 1630 vocetur
1128 1588 1139 1640 ;
1169 1569 1215 1628 ut
1236 1581 1314 1664 ego

348 1692 482 1770 nuper,
501 1580 754 1740 (ltummium
776 1658 994 1754 divisorem,
1025 1681 1069 1739 ut
1085 1659 1311 1767 ,Neoptole-

347 1803 461 1854 mum
476 1772 522 1848 ad
535 1771 710 1878 Trojam,
730 1770 779 1848 fic
801 1778 809 1812 ⁵
827 1770 942 1850 illum
959 1771 998 1850 in
1010 1799 1146 1878 campo
1162 1771 1312 1858 Martio

347 1911 490 1964 nomen
512 1879 709 1959 invenill'e.

201 2005 313 2070 LXIV.
401 1995 532 2100 Atque
548 1989 629 2070 hate
644 1990 777 2070 omnia
791 1991 908 2071 verbo
922 1993 1180 2073 continentur.
1201 1995 1308 2102 Saepe

345 2105 464 2186 etiam
483 2099 609 2180 versus
637 2101 759 2180 faceta}
790 2101 1056 2208 interponitur,
1085 2105 1148 2182 vel
1178 2126 1222 2184 ut
1251 2107 1307 2185 est

345 2217 406 2296 vel
419 2213 638 2324 paullulum
653 2213 894 2304 immutatus,
907 2235 971 2294 aut
986 2216 1113 2322 aliqua
1125 2245 1211 2322 pars
1224 2245 1306 2294 ver-

344 2327 427 2420 sus;
456 2344 499 2404 ut
519 2321 660 2402 Statius
680 2325 821 2406 Scauro
850 2325 1105 2406 stomachanti
1132 2327 1197 2436 (ex
1225 2357 1304 2436 quo

343 2439 430 2520 sunt
459 2436 656 2530 nonnulli,
688 2435 701 2468 ⁶
720 2434 787 2543 qui
807 2456 914 2514 tuam
935 2437 1062 2544 legem
1081 2438 1128 2516 de
1147 2437 1303 2518 civitate

344 2567 490 2638 natam,
522 2545 665 2638 Crass'e,
697 2547 857 2660 dicant),
1164 2619 1169 2628 ,
1318 2633 1320 2638 .

351 2655 352 2659 '
396 2661 452 2753 St,
485 2675 611 2752 tacete,
644 2655 733 2765 quid
755 2657 818 2736 hoc
837 2657 998 2737 clamoris
1014 2659 1035 2736 ,9
1049 2663 1080 2700 '⁷
1099 2661 1224 2770 quibus
1240 2689 1300 2740 nec

449 2784 566 2846 rnoter
584 2795 644 2845 nec
656 2783 779 2876 pater,

1180 2873 1299 2960 Tanta

341 3069 421 3128 ducas
435 3067 509 3125 enirn
523 3065 656 3145 fignificat
672 3068 714 3123 vel
728 3071 754 3122 in
766 3087 805 3124 er·
833 3065 1005 3134 dividebant:
1039 3067 1056 3126 a
1079 3089 1193 3128 nummo
1217 3069 1299 3148 igitur

333 3153 460 3234 gqssrclum
473 3160 568 3232 rapias,
589 3155 632 3210 vel
649 3153 717 3210 time
729 3167 804 3231 prru-
833 3153 967 3212 Nummius
1001 3153 1048 3213 hic
1085 3175 1187 3214 nomen
1220 3159 1297 3216 suum

339 3247 407 3298 niam
418 3242 487 3298 illurn
501 3242 540 3297 od
549 3240 805 3314 dela'trrmftlvcndum
832 3241 938 3302 traxisse
953 3241 1045 3319 jocosa}
1058 3241 1165 3302 dicitur.

339 3331 457 3406 acontias.
872 3327 889 3383 6
921 3333 966 3405 qui
987 3344 1056 3384 tuoto
1079 3327 1153 3404 lqpctn
1178 3331 1208 3386 de
1229 3334 1295 3388 civi·

377 3413 587 3488 Molliorem]
603 3411 636 3468 In
645 3411 726 3471 Tusc.
735 3410 802 3488 disp.
830 3425 881 3468 tate
901 3413 967 3486 ctu]
997 3411 1072 3470 Audi
1086 3413 1248 3474 Ciceronem
1261 3417 1295 3474 de

338 3501 358 3568 i.
371 3524 397 3560 2.
420 3499 519 3558 dicitur
532 3499 664 3556 Catonem
681 3497 803 3556 oratione
830 3495 887 3554 Off.
902 3497 943 3556 iii.
969 3519 1011 3555 11.
1031 3497 1090 3572 Effe
1104 3505 1295 3580 procive,=q1ei

336 3587 454 3666 quadam
463 3585 588 3662 objecisse
597 3585 641 3643 M.
651 3583 801 3654 Nobiliori,
818 3585 895 3640 ,crivit
916 3605 962 3664 nort
973 3583 1020 3660 fit,
1041 3587 1131 3642 rcc‘lrrm
1143 3585 1178 3658 st
1193 3611 1240 3644 nan
1260 3589 1292 3644 li-

335 3675 410 3754 quhd
424 3674 445 3732 is
460 3673 632 3734 inAEtoliam
646 3671 734 3731 secum
744 3672 801 3730 En·
828 3691 896 3738 πτας
926 3692 1007 3746 priam.
1024 3669 1096 3745 legem
1117 3672 1225 3729 tulerunt
1244 3674 1292 3748 sri-

335 3762 413 3824 nium
427 3764 536 3838 po'e'tatn
550 3761 691 3822 duxerat„
821 3757 961 3834 pamfimo·
984 3756 1102 3830 Canales,
1138 3759 1238 3833 Crrffes
1268 3777 1294 3817 et

376 3863 393 3924 ς
419 3850 489 3908 illum
511 3851 538 3902 in
570 3860 654 3924 sarapta
683 3846 798 3920 Martio]
825 3844 947 3900 Scaevola.
987 3842 1047 3899 Lex
1070 3844 1129 3900 haec
1161 3847 1293 3921 appellata

335 3929 532 3992 Romaeforum
546 3932 575 3989 in
589 3953 686 4010 campo
698 3931 800 4002 Martio
826 3931 863 3986 est
886 3925 996 3988 Licinia
1019 3944 1047 3986 et
1068 3929 1170 4000 Mutia,
1192 3933 1226 3989 ab
1244 3953 1290 3991 eo·

333 4019 493 4088 habebatur,
508 4019 554 4076 ubi
566 4020 662 4076 tabulae
672 4037 798 4076 nummu·
826 4015 936 4073 rundem
947 4015 1093 4072 Consulum
1104 4016 1288 4088 Nominibus3

313 4161 314 4166 ,
334 4103 462 4162 lariorum
476 4119 561 4174 crant,
575 4120 602 4160 et
613 4103 661 4162 ubi
673 4103 799 4173 dit-inser
826 4103 899 4180 cujus
912 4101 1002 4180 capita
1018 4103 1075 4160 haec
1093 4100 1170 4162 fuiss'e
1184 4107 1291 4165 testatur

335 4207 480 4256 nummum
487 4187 533 4248 seu
542 4189 687 4268 pecuniam
697 4192 799 4268 populo
825 4188 948 4270 Pighius,
961 4189 1000 4250 uti
1014 4207 1178 4268 quareretur
1190 4191 1221 4252 in
1234 4213 1289 4266 eos,

1230 4281 1290 4358 qn,
