2858 4746
400 373 708 492 lraanll
762 395 841 488 dn

126 525 340 644 poffumus,
369 559 420 632 et,
448 537 547 616 srest
575 565 759 650 nequam,
782 535 916 648 jocari.
974 534 1085 616 Ridi-

126 651 265 727 culum
284 647 338 726 est
358 648 455 728 illud
482 648 752 730 Neronianum
770 668 879 728 vetus
899 648 939 726 in
959 648 1088 726 furace

126 757 253 852 servo,
270 758 388 870 solum
407 760 481 864 effe,
511 760 571 840 cui
597 759 691 840 domi
717 759 809 840 nihil
818 759 857 867 fi
899 783 958 837 nee
980 759 1087 866 obstgs

126 887 265 961 natum,
285 897 346 948 nec
373 871 563 984 occlusum:
593 871 698 980 quod
717 869 819 948 idern
836 870 876 947 in
896 871 999 949 bono
1017 869 1090 948 ser*

127 1007 183 1060 vo
202 979 279 1058 dici
297 979 405 1060 solet.
465 981 537 1060 Sed
558 981 632 1060 hoc
653 981 786 1060 iisdem
805 978 926 1058 etiarn-
942 977 1085 1059 verbist'

125 1117 178 1168 cx
193 1089 327 1168 iisdem
342 1111 473 1169 autem
488 1092 582 1170 locis
596 1091 729 1170 omnia
743 1089 968 1171 nascuntur:
997 1117 1090 1168 nam

125 1201 235 1308 quod
252 1199 314 1306 Sp.
329 1201 501 1280 Carvilio
516 1202 680 1310 graviter
694 1201 924 1280 claudicanti
943 1229 990 1280 ex
1004 1202 1090 1278 vnl—
1211 1257 1213 1262 -

128 1310 587 1417 ncreobRompublicant
600 1331 812 1418 accept0,et
826 1313 875 1392 ob
888 1309 1090 1390 camenus·

128 1419 212 1500 sam
227 1422 500 1501 verecundanti
516 1423 556 1500 in
571 1423 774 1527 publicum
789 1422 953 1529 prodire,
969 1440 1091 1498 mater

127 1531 244 1624 dixit,
286 1533 369 1642 quin
394 1532 529 1642 prodis,
557 1532 608 1610 mi
639 1533 778 1642 Spuri?
822 1531 1092 1642 quotiescumque

123 1640 285 1750 gradum
303 1641 438 1750 socies,
464 1644 564 1722 toties
583 1643 649 1720 tibi
672 1663 815 1722 tuarum
835 1642 1012 1721 virtutum
1025 1667 1091 1719 oea

127 1753 212 1830 niat
228 1753 266 1832 in
278 1773 436 1846 mentem,
455 1753 685 1860 praeclarum
699 1773 737 1831 ct
752 1777 865 1861 grave
880 1749 958 1832 est:
987 1749 1093 1861 quod

127 1851 301 1942 'Calvino
333 1864 498 1960 Glaucia
529 1865 775 1958 claudicanti,
820 1863 951 1966 ubiest
989 1882 1093 1944 vetus

1111 418 1213 508 24¹·
1291 441 1297 448 -

127 1972 235 2066 illud,
266 1975 381 2058 8nuto
406 1974 616 2054 claudicat?
647 1993 689 2054 at
712 1975 770 2054 hic
798 1973 987 2069 cloudziat,
1017 1975 1093 2054 hoc'
1141 2037 1144 2058 ,

130 2083 344 2164 ridiculum
361 2083 440 2164 est:
472 2105 510 2164 et
533 2107 742 2196 utrumque
761 2113 808 2164 ex
826 2113 884 2178 eo,
912 2085 1018 2193 qnod
1041 2085 1092 2163 in
1132 2123 1135 2138 ν

130 2194 412 2276 claudicatione
428 2196 679 2274 animadverti
695 2195 1092 2301 potuit,ostdudtu1n,

130 2303 237 2410 Quid
256 2303 319 2384 hoc
334 2305 474 2386 Naevio
492 2306 695 2414 ignavius?
727 2305 849 2404 seret&
869 2305 1023 2411 Scipio:
1055 2325 1094 2383 at

128 2415 176 2494 ln
196 2415 295 2496 malci
315 2417 502 2509 olentem,
530 2431 545 2478 ⁹
568 2414 670 2495 video
689 2443 743 2494 me
770 2416 795 2492 d
819 2433 854 2493 te
875 2431 941 2494 uon
964 2443 1092 2494 conve·

130 2526 219 2618 moi,
234 2524 307 2636 scd
320 2526 584 2619 circumueniri,
614 2524 841 2632 subridiculd
861 2523 1090 2630 Philippus:

131 2658 174 2715 at
195 2657 401 2745 utrumque
421 2663 542 2744 genus
557 2633 729 2716 continct
749 2635 854 2714 verbi
875 2636 921 2714 ad
941 2635 1093 2714 literam
1177 2673 1183 2680 ·

132 2745 334 2872 immutati
353 2746 575 2830 fimilitudo.
632 2746 694 2826 Ex
713 2744 897 2854 ambiguo
911 2746 1093 2872 didta'rcl

135 2897 139 2904 ·
979 2885 1094 2966 argu-2

130 2993 298 3064 tondeat)
318 3013 364 3052 eos
380 2987 540 3072 significavit
551 2977 601 3072 qui
631 2986 722 3068 pionis
734 2987 816 3049 rerba
827 2989 939 3047 Naeoius
951 3007 977 3049 et
989 2995 1094 3068 rgnavi-

131 3082 295 3152 haesttarent,
317 3099 376 3151 nec,
389 3079 457 3158 quid
470 3079 542 3137 dictu
556 3095 602 3136 aut
634 3076 746 3136 residem
759 3097 844 3156 prope
856 3078 960 3150 sonant,
982 3080 1097 3140 eaedem·

129 3167 208 3230 tactu
222 3169 284 3246 iplis
297 3188 366 3246 opus
384 3167 455 3238 esset,
476 3166 536 3227 satis
551 3165 600 3225 sci·
634 3183 687 3302 pue
702 3161 757 3221 fere
770 3163 829 3220 sunt
848 3163 989 3242 verborum
1006 3164 1098 3224 litera.

132 3272 203 3335 ¹rcnt.
244 3255 362 3336 Glaucia
384 3253 467 3332 igitur
497 3253 602 3312 videtur
650 3267 668 3304 n
682 3248 735 3306 hoc
746 3249 810 3306 vcro
821 3246 952 3326 Philippi,
961 3249 1005 3308 cui
1016 3250 1099 3310 verbo

129 3344 226 3422 jocos&
237 3346 290 3402 hoc
300 3342 447 3402 Proverbio
458 3343 515 3402 usos
526 3339 602 3416 fuisse
635 3333 720 3392 limile
743 3333 780 3392 est
797 3329 909 3392 verbim
934 3339 1098 3392 circummuni-

133 3431 166 3492 in
178 3430 325 3490 Calvinum
338 3447 396 3488 turn
417 3427 484 3508 pede
501 3426 601 3510 claudi-¹
635 3421 680 3478 ri?
708 3419 818 3480 Prorsus
829 3419 933 3480 nescior'
953 3420 1030 3497 jocus
1044 3420 1096 3498 lgi-

132 3535 254 3590 cantent,
289 3534 347 3576 turn
370 3516 399 3574 in
421 3513 537 3572 dicendo
558 3513 602 3570 vel
633 3523 675 3566 tur
689 3527 744 3564 non
758 3505 817 3577 erit,
842 3505 890 3562 nisa
908 3525 970 3564 curn
983 3507 1099 3584 vrrlgatis

131 3602 263 3664 faciendo
275 3599 379 3682 aliquid
396 3599 562 3658 haefitantern
574 3611 601 3654 ct
634 3591 772 3650 nonnullis
791 3590 965 3659 editionibus,
990 3607 1016 3647 et
1035 3612 1099 3652 curn

131 3691 211 3770 quast
224 3689 404 3748 vacillantem.
635 3681 733 3759 Lamb.
749 3697 776 3739 et
789 3676 882 3756 Steph.
904 3679 1032 3755 legamus,
1053 3685 1097 3736 vi-

175 3799 194 3858 9
214 3779 321 3858 Vulgo,
340 3775 415 3834 video
433 3795 469 3831 mo
480 3762 497 3831 d
510 3788 533 3829 te
552 3775 602 3828 cir·
634 3768 677 3824 deo
697 3767 768 3824 med
789 3781 811 3822 te
833 3787 880 3820 non
899 3767 1035 3836 conveniri,
1055 3764 1100 3826 sed

130 3865 300 3950 cumvmiri,]
334 3861 421 3924 Caesar
454 3858 520 3918 dicit
545 3859 602 3916 hac
634 3853 819 3909 circumveniri·
834 3847 1102 3933 utemenrouauor,

132 3955 191 4013 duo
203 3948 341 4030 Scipionis
355 3965 381 4008 ct
396 3943 519 4025 Philippi
532 3940 603 4002 dicta
636 3939 689 3994 hoc
712 3933 742 3994 in
763 3935 949 3992 maleolentena
962 3935 1101 4012 quendam

131 4038 259 4100 ‹ra-biae
273 4039 374 4093 literana
391 4034 518 4094 immutari
528 4031 601 4108 fimi·
636 4017 811 4082 dictumeffe.
839 4017 935 4096 Sensus
944 4031 1035 4076 autern
1044 4019 1099 4077 erla

128 4125 238 4193 dirodina
250 4123 377 4182 contineri.
395 4147 399 4154 ·
416 4119 450 4180 Io
466 4115 530 4196 joco
543 4115 600 4175 Sci·
635 4109 709 4172 Ciun
736 4107 824 4187 gravis
849 4106 886 4167 cll
915 4105 965 4166 tibi
992 4105 1101 4177 halitus,

360 4211 364 4218 '
672 4197 700 4258 R
994 4189 1103 4274 quodei
