2858 4746
133 465 138 472 Β
398 351 706 474 Lirnall.
759 381 880 476 29.v

128 507 218 570 tura
234 489 485 599 denegatum,
515 523 639 604 neque
657 497 679 574 a
699 495 871 576 doctrina
890 523 969 575 non
989 495 1092 576 dela·

127 619 220 681 tum
240 599 312 680 elle
332 603 515 685 videatur.
572 608 717 704 Quare,
739 605 884 700 Cralle,
906 617 1029 716 neque
1049 629 1091 686 tu

124 731 197 792 tua
218 711 401 793 suavitate
422 743 490 794 nos
509 713 689 822 privabis,
709 737 764 811 ut,
791 718 815 795 fi
836 717 929 826 quid
949 719 995 796 ab
1009 721 1093 797 An·

125 821 242 902 tonio
257 844 323 902 aut
340 825 634 929 praetermillitm
655 848 719 906 aut
739 828 918 907 relidlum
938 827 993 921 fit,
1014 857 1093 908 non

1120 355 1213 474 183

125 932 297 1059 explices
308 965 319 1028 3
348 963 473 1044 neque
487 958 537 1032 te,
551 939 718 1034 Antoni,
741 937 875 1048 siquid
890 966 969 1018 non
984 937 1093 1019 (lixe-
1174 1011 1178 1018 .

125 1072 194 1136 τις,
221 1042 526 1126 existimabimus
547 1077 625 1128 non
641 1048 801 1156 potuille
818 1045 956 1154 potilio,
970 1051 1090 1160 quam

113 1155 148 1260 ,a
162 1153 298 1234 Cullso
310 1155 386 1234 dici
402 1157 590 1239 maluifl'e.
622 1159 701 1240 ch
716 1159 885 1250 Crallirs‚
900 1161 1007 1260 Quin
1028 1181 1088 1255 tu,
1209 1154 1222 1235 ’.

123 1265 270 1374 inquit,
291 1267 458 1362 Antoni,
488 1268 637 1348 omittis
658 1269 727 1348 ista
741 1299 825 1379 quae
845 1271 1087 1380 proposuisti,

122 1405 215 1486 quae
230 1402 348 1457 nemo
363 1378 506 1457 horum
520 1379 713 1473 desiderat,
733 1389 746 1422 ⁹
761 1379 912 1478 Quibus
928 1407 974 1459 ex
994 1381 1089 1460 locis
1168 1433 1171 1446 .

124 1515 187 1580 ea,
218 1515 306 1598 quae
325 1488 484 1566 dicenda
503 1488 575 1567 fint
594 1487 634 1568 in
654 1488 801 1585 cauffis‘,
829 1491 1088 1596 reperiantur?

122 1615 228 1710 quae,
259 1627 497 1709 quamquam
516 1600 581 1678 abs
602 1619 639 1678 te
662 1630 764 1684 novo
784 1601 953 1712 quodam
972 1591 1091 1680 modo

122 1709 377 1820 praeclareque
397 1710 590 1804 dicuntur,
619 1711 706 1791 sunt
728 1732 859 1790 tamen
878 1731 917 1792 et
937 1737 975 1790 re
995 1712 1089 1790 faci·

122 1819 235 1912 liora,
247 1838 285 1898 et
301 1821 495 1928 praeceptis
507 1842 727 1930 pervagata:
742 1822 810 1901 illa
822 1823 1003 1928 deprome
1018 1841 1089 1902 no·

124 1931 202 2022 bis,
225 1931 328 2011 unde
347 1931 493 2040 afferat,
511 1960 596 2041 quae
616 1933 809 2040 laepiffime
824 1937 976 2028 tradat,
992 1931 1089 2012 sem·

120 2069 270 2151 perque
285 2041 483 2121 divinitus.
500 2041 740 2148 Depromam
755 2043 949 2153 equidem,
961 2044 1090 2153 inquit

121 2152 351 2247 Antonius3
380 2175 430 2245 et,
459 2152 538 2262 qud
565 2154 714 2234 facilius
744 2155 783 2232 id
811 2153 888 2232 ate
916 2151 1085 2261 exigam,

121 2264 232 2374 quod
247 2283 351 2370 peto,
366 2263 466 2342 nihil
479 2263 546 2340 tibi
560 2263 581 2342 ir
596 2262 880 2370 me'postulanti
897 2263 1086 2342 recusabo·
1147 2297 1150 2302 ¹

120 2375 226 2473 Meae„
241 2375 361 2455 totius
376 2372 571 2468 orationiS,
591 2393 629 2452 et
644 2373 751 2452 istius
767 2373 879 2478 ipsius
895 2373 1088 2476 indicen·
1173 2457 1175 2464 ,

120 2487 174 2565 do
194 2486 402 2581 facultatis,
433 2513 550 2596 quam
571 2487 691 2564 modo
707 2483 859 2562 Craffus
879 2482 1087 2562 in'coelum

118 2595 252 2678 verbis
266 2597 417 2688 extulit,
436 2616 511 2675 tres
527 2595 612 2673 sunt
630 2595 805 2691 rationes,
825 2613 869 2673 ut
884 2612 971 2672 ante
983 2593 1085 2687 dixi3

119 2736 204 2810 una
216 2708 551 2788 conciliandorum
571 2705 795 2800 hominum,
814 2705 931 2784 altera
945 2705 1086 2784 docen-

121 2819 278 2911 dorum,
293 2818 402 2897 tertia
414 2817 748 2898 concitandorum.
792 2815 945 2895 Harum
964 2815 1086 2895 trium

119 2927 294 3038 partium
322 2933 446 3036 prima
466 2927 675 3007 lenitatem
695 2927 891 3022 orationiS,
922 2925 1086 3006 secunda
1149 2957 1152 2978 ¹

120 3067 305 3133 acumen,
336 3037 448 3117 tertia
466 3039 550 3117 vim
569 3039 770 3117 desiderat:
800 3034 987 3116 namhoc
1013 3063 1083 3115 ne·

120 3150 219 3232 celle
231 3149 299 3243 est,
311 3169 354 3228 ut
368 3149 411 3240 ic,
423 3149 489 3256 qui
502 3149 613 3228 nobis
626 3148 791 3228 caull'am
803 3147 1084 3256 adjudicaturus

120 3263 182 3354 fit,
216 3282 281 3340 aut
301 3260 552 3340 inclinatione
567 3259 778 3338 voluntatis
797 3257 1030 3366 propendeat
1044 3257 1087 3371 in

119 3401 207 3466 noo,
220 3390 285 3450 aut
298 3370 522 3450 defensionis
535 3369 772 3477 argumentis
785 3369 1006 3462 adducatur,
1018 3386 1085 3447 aut

120 3481 502 3589 animipermotione
517 3501 688 3588 cogatur.
709 3478 1004 3588 ¹Sed,quoniam
1017 3478 1089 3558 illa

981 3616 1082 3696 pars,
1133 3624 1138 3632 ·

118 3787 177 3844 lule
190 3781 370 3862 Respublica,
393 3780 474 3862 eique
487 3795 517 3840 nt
528 3801 590 3861 pro·
621 3781 687 3840 dum
700 3783 744 3844 vel
756 3787 784 3840 in
794 3781 861 3852 locis,
884 3777 928 3838 vel
946 3754 1085 3850 erucarum

120 3873 233 3934 deffenr.
266 3857 290 3906 ⁸·
622 3867 666 3925 sed
684 3888 735 3946 pro
755 3867 865 3944 vulgati
886 3863 1002 3924 leffione
1023 3861 1088 3924 lacit

108 3964 111 3972 '
163 3957 303 4037 inbus
325 3977 360 4016 ex
382 3957 440 4014 Iocis
460 3979 500 4026 ea,
532 3979 590 4036 φα
622 3954 689 4012 illud
702 3953 732 4012 in
743 3974 768 4011 c.
779 3955 824 4030 36.
838 3953 964 4033 proposuit
975 3953 1089 4032 quisdam

120 4045 234 4104 dicendo
242 4045 296 4120 fiat
314 4049 341 4100 in
353 4045 444 4119 cauffis,
465 4049 589 4120 reperian-
616 4044 690 4110 'locon
711 4037 845 4118 exquibus
864 4045 941 4102 omnis
950 4043 1091 4122 argumenti

120 4133 203 4210 tarr]
224 4131 375 4192 Larnblous
383 4129 485 4194 censuit
497 4134 589 4213 legen·
620 4133 670 4188 vla
682 4123 866 4206 inveniretur.-

461 4233 464 4242 ·
658 4213 731 4294 Nr
988 4214 1092 4292 ¹r²¹⁶fi
