2842 4744
245 367 338 462 228

585 366 1087 462 DnOanronn

362 507 561 590 merabilia
578 507 842 616 hujuscemodi
863 510 1037 589 fuerunt:
1068 508 1130 588 sed
1148 537 1227 589 non
1242 507 1325 589 mi·

362 619 435 698 nus
448 620 618 738 jucunda
633 619 699 698 illa
717 637 919 726 perpetua3
946 619 1038 699 cum
1057 621 1163 699 enirn
1177 621 1325 700 Brutus

364 729 460 809 duos
486 731 644 810 ledores
663 729 869 822 excitasset,
899 749 936 808 et
956 729 1063 809 alteri
1092 732 1139 810 de
1166 731 1324 810 colonia

365 837 603 920 Narbonensi
616 840 732 918 Crasti
747 840 959 920 orationem
975 842 1180 948 legendam
1194 839 1323 920 dedis-

359 948 432 1044 set,
455 951 563 1029 alteri
582 953 628 1028 de
648 952 731 1057 lege
752 949 934 1043 Servilia;
965 972 1004 1029 et
1021 948 1111 1029 etim
1131 952 1324 1032 contraria

363 1060 463 1140 inter
483 1060 554 1140 sese
570 1062 614 1138 de
627 1061 838 1164 Republica
852 1060 974 1168 capita
989 1061 1229 1156 contulilset;
1250 1091 1322 1141 no-

363 1170 437 1248 ster
465 1170 528 1248 hic
549 1171 766 1274 facetiltime
785 1193 859 1250 tres
889 1171 1004 1276 patris
1026 1173 1135 1252 Bruti
1164 1172 1210 1250 de
1232 1176 1326 1280 jure

362 1280 467 1360 civili
487 1279 637 1359 libellos
652 1281 774 1360 tribus
794 1283 974 1389 legendos
990 1281 1105 1360 dedit.
1141 1282 1204 1362 Ex
1220 1283 1322 1363 libro

360 1390 500 1497 primo,
531 1389 682 1472 Fouan
720 1417 910 1485 nutura,
941 1419 1000 1471 ur
1035 1419 1085 1472 ru
1114 1393 1319 1473 Parvnn-

361 1527 476 1582 uari
513 1529 722 1582 assuitus,
780 1501 914 1596 Brute,
959 1503 1163 1608 testificatur
1192 1521 1318 1612 pater,

344 1615 391 1724 se
413 1613 481 1690 tibi
499 1613 754 1692 Privernatem
758 1611 919 1716 sicardum
936 1613 1065 1723 reliqui
1088 1643 1117 1694 e.
1166 1613 1321 1694 Deinde

358 1751 405 1802 ex
424 1723 523 1801 libro
538 1723 713 1813 secundo,
734 1723 784 1800 lu
803 1723 995 1802 Annnuo
1013 1748 1201 1804 nunnus
1222 1751 1318 1816 reo,

361 1859 419 1910 aa
468 1831 661 1909 Mnacus
711 1830 885 1911 F1L1us.
954 1833 1099 1942 Sapiens
1153 1833 1318 1913 videlicet

358 1942 457 2020 homo
487 1940 716 2049 cumprimis
748 1942 870 2047 nostrae
898 1943 1063 2022 civitatis
1091 1963 1196 2023 norat
1228 1945 1319 2024 hunc

233 2099 235 2110 ι
351 2051 557 2160 gurgitem
585 2052 769 2142 metuebat,
798 2081 853 2144 ne,
885 2049 964 2130 crim
991 2054 1021 2132 is
1039 2055 1132 2132 nihil
1155 2055 1316 2149 haberet,

357 2161 452 2242 nihil
476 2161 534 2266 effi’
552 2161 586 2238 ei
612 2161 769 2240 relidam
791 2179 994 2272 putaretur.
1052 2165 1163 2244 Tum
1192 2193 1239 2244 ex
1269 2165 1317 2244 li·

358 2274 428 2351 bro
447 2271 574 2364 tertio,
607 2271 647 2348 in
673 2300 751 2395 quo
770 2272 889 2352 finem
910 2272 1213 2354 scribendi·fecit
1242 2277 1317 2382 (tot

357 2383 482 2476 enirn,
512 2402 555 2460 ut
575 2380 703 2460 audivi
724 2382 934 2462 Scaevolam
960 2383 1099 2478 dicere,
1130 2385 1217 2464 sunt
1237 2385 1317 2466 veri

358 2493 469 2573 Bruti
502 2493 623 2604 libri),
660 2493 711 2572 ΙΝ
728 2493 929 2573 Trnunrr
964 2521 1107 2574 roure
1136 2522 1316 2578 Assum-

360 2629 449 2682 atus
486 2630 571 2682 nno
602 2629 656 2681 nr
692 2602 880 2682 Mnacus
913 2629 1077 2685 armus.
1139 2606 1212 2684 Ubi
1226 2608 1316 2718 sunt

355 2713 386 2791 ii
400 2711 531 2820 fundi,
562 2713 693 2808 Brute,
721 2741 804 2821 quas
832 2713 900 2792 tibi
914 2717 1025 2825 pater
1046 2716 1198 2827 publicis
1224 2747 1316 2796 com·

1132 2845 1317 2908 mentarus

355 3013 413 3073 neis
442 3026 551 3081 exeunt,
580 3011 683 3083 sudare,
704 3025 730 3068 et
750 3030 821 3089 aqua
849 3013 921 3072 modi
952 3018 1015 3072 enim
1047 3015 1119 3090 exfii
1149 3018 1179 3074 eb
1215 3018 1316 3076 balneis.

355 3101 490 3157 diffluere:
517 3097 592 3155 vides
610 3097 700 3174 igitur,
713 3096 820 3168 nestor,
850 3099 929 3157 Clara
939 3123 1011 3159 nunc
1022 3101 1165 3160 exhibetur
1175 3095 1314 3161 sententia.

355 3183 820 3261 inhacvulgataletlioneCraffum
849 3185 948 3244 Brutus
972 3187 1074 3245 dixerat
1105 3188 1131 3246 se.
1154 3189 1211 3248 sine
1230 3192 1314 3250 cautla
1404 3182 1406 3197 ¹

356 3291 455 3348 negare
465 3269 580 3326 Brutum
595 3270 695 3327 habere
707 3269 820 3327 caussam
837 3271 951 3343 sudare,
972 3274 1000 3332 id
1018 3274 1064 3350 est,
1084 3274 1113 3332 in
1133 3274 1313 3356 impugnandi

201 3389 207 3396 ·
313 3401 318 3406 .
354 3355 476 3424 sudandi,
495 3369 623 3411 ettamen
637 3353 761 3424 caussam,
775 3371 823 3410 cur
851 3355 944 3416 Planci
967 3375 1060 3416 eontra
1085 3359 1207 3419 Crallum
1229 3363 1314 3421 causta

355 3441 439 3512 sudet,
461 3439 563 3498 afferre.
594 3439 664 3516 Qis
679 3439 746 3498 ferre
761 3439 820 3518 pos·
851 3440 933 3499 nimis
946 3445 1119 3503 vehementer
1137 3465 1227 3524 agere,
1250 3450 1311 3507 cinn

258 3525 266 3538 ¹
358 3529 389 3585 sit
408 3529 467 3584 haec
478 3543 533 3583 tam
547 3525 635 3584 secum
650 3524 820 3605 pugnantia?
850 3526 905 3584 stne
918 3529 1011 3587 sudore
1021 3530 1135 3588 accusari
1149 3531 1275 3603 Plancus,
1287 3549 1313 3592 et

355 3615 521 3693 MStiJoan.
531 3629 557 3671 et
566 3613 643 3671 Harl.
655 3637 678 3671 1.
693 3613 821 3671 omittunt
849 3613 921 3672 vinei
932 3615 1037 3674 Crassus
1048 3619 1173 3695 potuerit.
1194 3621 1311 3690 dunfini,

355 3725 448 3763 vocem
462 3709 553 3759 mirum
571 3706 687 3780 (quaeex
698 3722 764 3760 voce
773 3707 819 3758 mi·
850 3699 939 3778 inquit
956 3703 1070 3773 Oranus,
1093 3725 1150 3762 non
1169 3705 1246 3764 sudas
1259 3708 1313 3783 star

354 3793 420 3848 nimi
441 3809 531 3848 errore
555 3787 740 3845 Librariurum
759 3797 820 3846 nata
848 3794 947 3865 cauffr:
980 3789 1052 3846 modlr
1080 3795 1143 3848 enim
1164 3791 1238 3868 cxg'lii
1262 3811 1312 3852 etc.

354 3877 490 3947 videtur);
521 3875 592 3932 uude
614 3873 700 3932 statim
724 3873 759 3931 sic
780 3877 819 3932 lo·
848 3874 972 3952 Jocusest
983 3875 1011 3932 in
1020 3873 1130 3954 ancipiti
1141 3876 1310 3954 fignificatio-

307 4023 311 4038 Ι
356 3982 419 4019 cuin
454 3959 606 4019 emendavi.
653 3961 738 4038 Atque
774 3961 821 4016 illa
850 3977 883 4016 ne
894 3959 968 4016 verbi
981 3957 1062 4032 vassi,
1075 3961 1149 4038 quod
1171 3961 1310 4040 fignificat,

354 4045 462 4104 brevia:
481 4043 533 4101 cim
553 4047 594 4100 ille
608 4045 706 4116 clicuit,
722 4047 753 4119 se
765 4048 821 4121 stne
848 4059 875 4102 et
888 4045 1002 4102 vendere
1012 4044 1129 4112 balneas,
1141 4060 1168 4102 et
1182 4047 1198 4106 ὲ
1210 4046 1309 4104 balneis

354 4135 437 4209 σαψ
448 4130 561 4205 stadam
582 4133 691 4203 minimi,
717 4135 799 4210 inquit
806 4153 816 4201 ς
848 4131 932 4188 lotum
969 4129 1069 4207 egredi.
1117 4130 1172 4191 His
1195 4131 1311 4190 breuibus

1228 4237 1311 4296 ⁰PP0·
