2870 4728
602 409 696 500 Dn
740 407 1126 500 Onnuonn·

352 637 357 646 ,
387 547 561 660 quodam
574 573 615 628 es
634 546 876 642 consecutus,
895 567 940 627 ut
957 568 996 628 et
1016 544 1135 641 mihi,
1149 573 1236 657 quae
1247 572 1324 656 ego

388 659 533 741 vellem
552 687 632 740 non
649 656 724 738 esse
743 657 921 752 oratoris,
951 657 1192 751 concederes,
1219 677 1259 736 et
1279 685 1327 738 ea

390 769 482 880 ipsa,
520 769 647 850 nescio
674 767 892 878 quomodo,
923 769 1050 850 rursus
1080 770 1327 878 detorqueres

391 903 507 992 atque
520 879 662 962 oratori
683 878 834 988 propria
853 881 1029 960 traderes,
1064 879 1209 974 ⁹Haec,
1230 877 1328 960 oiim

357 1035 359 1044 v
390 1022 466 1102 ego
485 1011 624 1100 praetor
635 989 824 1072 Rhodum
842 989 1043 1086 venissem,
1064 1011 1207 1072 etcum
1222 987 1330 1070 sum·

393 1133 462 1186 mo
482 1105 552 1184 illo
568 1103 726 1184 dodore
751 1099 860 1182 istius
880 1099 1091 1210 disciplinas
1110 1099 1331 1209 Apollonio

391 1241 450 1308 ea,
469 1214 599 1326 quaed
618 1211 793 1300 Panaetio
813 1241 1046 1320 acceperam,
1060 1210 1331 1307 contulissem

392 1325 507 1407 irrisit
524 1325 591 1406 ille
602 1324 763 1435 quidem
775 1323 839 1434 (ut
854 1321 1015 1438 solebat)
1026 1321 1331 1434 philosophiam,

393 1456 511 1548 atque
528 1433 785 1544 contempsrt3
814 1435 1017 1546 multaque
1037 1463 1116 1516 non
1136 1453 1218 1514 tam
1236 1461 1329 1544 gra·

393 1548 492 1629 viter
521 1547 632 1641 dixit,
660 1547 781 1658 qudm
814 1547 962 1628 facctd:
1006 1565 1073 1626 tna
1100 1563 1233 1626 autem
1252 1543 1333 1626 fuit

393 1659 520 1742 oratio
533 1657 736 1768 ejusmodi,
752 1685 831 1738 non
851 1676 895 1736 ut
909 1658 1034 1737 ullam
1046 1677 1170 1737 artem
1181 1655 1330 1738 doctri-

394 1797 536 1852 namve
555 1788 847 1857 contemnerem
876 1765 938 1847 sed
956 1787 1000 1848 ut
1011 1795 1147 1848 omnes
1163 1766 1333 1850 comites

394 1909 439 1962 ac
460 1877 654 1960 ministras
667 1875 830 1958 oratoris
841 1875 915 1958 esse
934 1877 1099 1974 diceres;
1118 1906 1226 1990 quas,
1241 1905 1333 1990 ego,

394 1989 528 2102 siquis
548 1987 592 2068 srt
612 2015 712 2068 unus
731 1987 957 2098 complexus
974 2017 1127 2085 omnes,
1148 1987 1335 2100 idemque

397 2107 409 2150 ·¹
425 2099 511 2182 stad
530 2128 592 2180 eas
608 2098 834 2182 facultatem
852 2097 968 2180 istam
984 2099 1229 2181 onratiffimae
1244 2129 1333 2183 ora-

394 2209 514 2294 tionis
532 2209 763 2321 adjunxerit,
793 2237 874 2292 non
893 2209 1044 2318 possum
1064 2211 1204 2310 dicere,
1234 2239 1335 2293 eum
1421 2291 1422 2308 ζ

396 2349 478 2405 non
498 2320 711 2433 ‘egregium
738 2322 935 2432 quendam
964 2321 1170 2404 hominem
1213 2342 1253 2404 at
1279 2351 1334 2402 ue

395 2433 669 2514 admirandum
703 2433 801 2514 fore.
861 2433 935 2512 Sed
965 2433 1012 2528 is,
1042 2433 1070 2512 sr
1100 2433 1187 2545 quis
1219 2352 1330 2528 esiet,

397 2545 605 2648 autetiam
623 2543 651 2622 sr
671 2571 862 2654 nmquam
876 2541 1016 2638 fnisset,
1029 2563 1095 2625 ant
1114 2544 1203 2627 verd
1217 2543 1243 2624 fr
1255 2543 1333 2625 esse

397 2653 531 2763 poss'et,
559 2673 603 2734 tu
622 2651 714 2736 esses
733 2683 835 2735 unus
853 2654 1041 2763 profecto,
1069 2656 1155 2766 qui,
1182 2674 1221 2737 et
1238 2683 1335 2738 meo
1420 2757 1421 2764 ἵ

388 2765 541 2874 judicio
558 2784 598 2844 et
615 2764 816 2859 omnium,
847 2763 913 2846 vix
931 2768 1056 2846 ullam
1075 2765 1223 2848 caeteris
1242 2794 1333 2848 ora·
1417 2821 1420 2874 ,

397 2873 547 2958 toribus
564 2874 676 2984 (pace
695 2875 838 2956 horum
858 2875 1039 2990 dixerim)
1068 2879 1222 2958 laudem
1242 2877 1335 2958 reli·
1419 2901 1420 2910 ¹

396 2985 527 3098 quisti.
571 2985 723 3066 Verum
742 2985 768 3066 fi
788 2984 947 3095 tibiipsi
968 2985 1070 3072 nihil
1089 2987 1203 3083 deest,
1223 2989 1332 3100 quod

396 3097 440 3176 in
469 3096 678 3179 forensibus
713 3098 824 3178 rebus
855 3093 1106 3209 civilibusque
1148 3100 1331 3196 versetur,
1419 3171 1420 3174 i

259 3259 263 3272 -
396 3205 495 3318 quin
518 3207 647 3302 'fcias3
673 3235 798 3332 neque
827 3235 915 3288 eam
945 3229 1077 3290 tamen
1110 3209 1328 3308 scientiam,

351 3369 356 3376 ·
396 3345 520 3429 quam
539 3319 715 3429 adjungis
732 3319 890 3416 oratori,
921 3323 1147 3430 complexus
1169 3349 1235 3416 es;
1264 3321 1328 3400 vi-

982 3492 1019 3540 ,
1150 3433 1330 3531 neamus,
1418 3495 1419 3532 ;

397 3571 481 3632 nostri
490 3569 579 3644 Msti,
591 3570 656 3630 cim
664 3569 749 3652 vusgd
757 3589 811 3630 vox
823 3577 848 3630 ei
878 3591 949 3648 tates,
969 3573 1014 3636 cui
1032 3573 1117 3654 long&
1139 3591 1277 3656 antepono
1296 3577 1332 3636 il.
1418 3601 1419 3626 r

396 3663 498 3722 exules
878 3663 932 3722 lam
955 3663 1099 3724 MSrornrn
1126 3661 1208 3721 Cant.
1232 3663 1330 3726 Gonv.

255 3735 259 3742 Ι
366 3812 376 3839 ⁸
437 3747 669 3829 qHaec,cumeg0
684 3747 750 3823 eto]
771 3747 847 3808 Vide
877 3752 954 3812 Nov.
971 3751 1054 3832 Wag.
1075 3751 1134 3810 Bal.
1151 3751 1220 3812 Bod.
1241 3751 1330 3814 Norf.

398 3837 504 3901 Notans
516 3837 551 3897 sd
563 3857 627 3918 pag·
640 3835 685 3897 28·
714 3857 782 3916 que,
803 3839 852 3916 nist
875 3843 1042 3903 ereditionis
1058 3841 1191 3914 Manutii,
1207 3844 1330 3924 idemque,

396 3933 441 4008 qni
452 3944 622 3990 naturasetc.
866 3931 898 4007 st
907 3931 1005 3988 adeas
1020 3927 1172 3988 facultatem
1185 3926 1259 4004 fiam
1273 3943 1329 3989 etc.
1417 3965 1418 3992 r

443 4039 454 4080 r
487 4021 518 4097 fi
542 4021 582 4078 ad
611 4043 654 4080 eas
693 4018 846 4082 neutram
875 4039 916 4076 eas
937 4018 956 4077 i.
970 4037 995 4078 e.
1014 4033 1090 4088 artes,
1125 4035 1186 4096 qnae
1215 4015 1330 4076 scientia
1417 4001 1418 4058 i

397 4104 471 4182 ‘ysam
478 4109 648 4186 ornarifflmae]
659 4107 775 4178 Vitiosa,
785 4108 846 4186 opi·
879 4103 1010 4174 nituntur,
1029 4117 1136 4181 etqua
1149 4117 1330 4181 opponuntur

397 4211 458 4268 flor,
475 4191 514 4255 est
535 4193 618 4256 lessio
637 4195 843 4276 usgunficus·
875 4193 967 4274 paffim
977 4189 1292 4271 Oratorisfhodtati.Sic
1306 4191 1331 4258 i.

505 4302 508 4311 ¹
843 4329 846 4336 .
1276 4297 1327 4342 20·
