2870 4728
319 443 792 549 .Lrnrul.·2i
1050 475 1174 578 23

117 595 312 676 tamenin
332 594 393 675 his
423 597 486 674 vel
517 593 779 701 asperitatibus
804 619 950 690 rerum,
979 587 1044 674 vel

117 706 303 816 angustiis
322 707 507 814 temporis
527 705 710 815 obsequar
729 702 864 786 studiis
883 705 1044 787 nostris,

114 837 171 912 et,
202 836 396 928 quantum
422 815 522 896 mihi
552 817 616 896 vel
641 817 780 897 fraus
770 817 1039 911 mimicorum,
1091 913 1094 922 Δ

116 930 180 1008 vel
198 927 336 1010 caussae
361 926 595 1021 amicorum,
624 929 687 1008 vel
718 928 945 1065 Respublica
967 930 1041 1008 tri

116 1037 207 1118 buet
225 1039 326 1139 otii,
346 1039 393 1120 ad
422 1038 664 1120 scribendum
683 1025 926 1149 putissrmbm
949 1065 1043 1121 con-

113 1149 250 1234 feram.
310 1151 428 1231 Tibi
426 1143 532 1246 verb,
564 1151 690 1258 frater,
719 1175 845 1262 neque
869 1148 1041 1232 hortanti

112 1261 244 1366 deero)
267 1289 396 1388 neque
415 1260 590 1372 roganti.
622 1287 715 1342 nam
733 1289 858 1370 neque
877 1259 1041 1343 auctori*

110 1391 190 1452 tate
208 1369 414 1484 quisquam
443 1373 545 1480 apud
570 1401 634 1452 me
663 1373 750 1480 plus
770 1374 896 1454 valere
915 1393 953 1453 te
970 1401 1040 1481 poa

108 1484 197 1579 test‚
226 1513 353 1596 neque
372 1487 586 1566 voluntate
808 1509 830 1526 ’-

165 1599 230 1676 Ac
250 1596 352 1676 mihi
371 1595 574 1703 repetenda
591 1594 672 1674 est'
684 1595 823 1674 veteris
842 1571 1038 1704 cujusdam
1099 1583 1175 1682 IL·

107 1699 315 1788 memoriae
344 1735 423 1788 non
448 1705 535 1786 sane
553 1705 640 1786 satis
658 1705 845 1813 explicata
865 1707 1079 1786 recorda-

106 1816 178 1944 tio3
219 1817 283 1898 sed
309 1818 372 1926 (ut
395 1817 574 1931 arbitror)
601 1837 687 1925 apta
708 1816 828 1910 adid,
853 1817 1038 1927 quodre·

105 1928 257 2037 quiris3
302 1951 346 2010 ut
370 1925 600 2038 cognoscas,
631 1950 719 2053 quae
751 1926 824 2007 viri
856 1929 1039 2009 omnium

104 2040 408 2166 eloquentissimi
453 2037 722 2165 clarissimique
769 2037 948 2120 senserint
991 2042 1038 2119 de

22 2245 23 2256 q
103 2151 219 2232 omni
248 2151 396 2234 ratione
415 2145 592 2231 dicendi:
622 2150 682 2230 vis
719 2149 828 2230 enim
854 2150 917 2259 (ut
935 2150 1036 2230 mihi

104 2258 181 2370 saep
182 2289 205 2342 e
236 2259 397 2384 dixisti),
438 2259 641 2386 quoniam,
689 2290 777 2372 quae
809 2261 935 2370 pueris
969 2281 1036 2341 aut

22 2383 23 2386 '
102 2371 399 2454 adolescentulis
447 2369 561 2453 nobis
611 2399 659 2452 ex
705 2373 1034 2454 commentariolis

22 2511 23 2514 ’
103 2483 246 2564 nostris
277 2485 457 2565 inchoata
487 2511 530 2567 ec
560 2483 670 2563 rudia
698 2484 938 2578 exciderunt,
968 2485 1033 2562 vix

100 2593 177 2676 hac
215 2615 327 2675 aetate
365 2596 485 2721 digna
513 2614 550 2672 et
588 2593 663 2675 hoc
693 2592 780 2690 usu,
828 2622 946 2704 quem
983 2619 1032 2673 ex

22 2775 24 2790 .
99 2705 255 2834 cauler,
283 2727 378 2817 quas
397 2705 582 2799 diximus,
613 2725 672 2785 tot
691 2704 880 2816 tantisque
900 2705 1030 2784 conse

99 2816 181 2898 cuti
213 2817 362 2914 sumtu,
393 2815 541 2926 aliquid
569 2816 704 2896 iisdem
733 2816 780 2896 de
799 2817 910 2897 rebus
930 2817 1028 2942 pqli
1036 2882 1038 2891 ,
1066 2917 1069 2930 Ι

950 2927 1026 3007 tius

97 3154 230 3209 smmis
254 3141 376 3230 pernicies
415 3148 445 3207 in
480 3151 547 3208 Ter.
580 3147 631 3208 viri
645 3149 717 3210 dosii
731 3147 894 3226 comestura,
914 3156 966 3228 qui,
980 3161 1027 3228 per

98 3237 218 3315 Adelph.
233 3237 263 3296 ii.
282 3257 306 3294 1.
328 3257 373 3313 34.
413 3234 508 3294 Verba
530 3235 547 3294 ἃ
577 3235 772 3294 noselcommuni
776 3235 843 3315 peste
854 3237 958 3316 depulsi,
973 3238 991 3294 i.
1001 3257 1025 3296 c.

96 3327 218 3382 numni
227 3316 295 3404 peste
305 3317 397 3402 depulst
410 3321 447 3380 itu
458 3321 546 3400 expli-
579 3322 651 3400 peste
662 3326 708 3398 (sc.
717 3323 855 3394 fluetibus)
866 3343 916 3402 per
924 3323 1025 3382 norde⁴

97 3428 138 3480 co,
152 3410 347 3490 impedirique
360 3408 451 3470 minius
464 3409 546 3469 essent
578 3409 813 3491 pulsaiconununi
821 3412 873 3469 sne
879 3410 1024 3488 republica.

96 3495 228 3555 univers&
248 3494 353 3556 civitati
382 3493 544 3574 perniciosi:
617 3515 634 3575 5
660 3503 751 3554 veteris
783 3491 905 3574 cujtyclum
936 3517 1024 3554 nieme·

96 3599 125 3640 ut
140 3585 192 3642 Or.
212 3583 272 3662 post
285 3583 341 3642 red.
359 3581 389 3642 in
404 3583 468 3642 San.
481 3604 506 3643 c·
519 3583 544 3659 3.
575 3583 638 3658 riae]
660 3585 766 3642 Notum
780 3586 816 3641 est
829 3601 922 3642 vocem
934 3603 1020 3638 nuato-

95 3685 151 3746 mos
173 3693 217 3728 nec
236 3672 296 3744 tela,
315 3671 438 3747 necfiuces
455 3671 474 3730 ἃ
490 3695 545 3728 mea
575 3674 642 3726 riam
654 3669 800 3748 aliquando
812 3669 878 3746 poni
899 3687 949 3746 pto
961 3684 1020 3724 tem·

87 3757 168 3832 salute
186 3759 344 3838 Apelletem.-
372 3773 400 3816 et
417 3759 470 3816 Or.
493 3778 544 3838 pro
570 3767 647 3834 pore:
666 3756 713 3814 hic
726 3757 791 3814 verb
801 3754 906 3812 ridetur
918 3755 1019 3830 fignifi-

95 3841 262 3921 Sertorq.
284 3841 543 3922 quibacunamedr'-
573 3843 760 3921 careidquod
779 3841 845 3899 olim
860 3839 1017 3917 saclmnell,
1085 3860 1087 3868 ¹
1154 3852 1160 3865 ⁴

95 3934 152 3986 cina
163 3931 220 4006 sala
239 3931 350 4007 (morte)
367 3935 450 4009 potuit
461 3932 479 3989 ἃ
492 3937 541 3988 rei·
573 3932 625 3990 srve
637 3929 845 4008 disputationem
863 3929 1017 4007 sequentem

91 4015 198 4092 publica
214 4015 281 4094 peste
301 4015 393 4093 repen.
432 4016 540 4095 Siqua
573 4015 659 4075 eran.
674 4031 702 4075 et
718 4015 836 4074 Antonii
856 4013 889 4074 de
902 4017 1017 4077 Oratore
1085 4015 1088 4021 ’

96 4103 229 4164 huicloco
238 4103 299 4160 insit
308 4105 416 4176 menda,
425 4103 538 4165 Lambi—
572 4103 746 4164 instituendo:
761 4101 797 4161 Et
809 4103 888 4181 hujus
901 4103 1029 4160 recorda-⁴

97 4185 538 4268 eumenteserendaetlcujufflun
568 4198 604 4250 tio
625 4190 723 4252 dicitur
743 4189 806 4251 ideb
825 4213 873 4250 non
894 4196 936 4268 effe
946 4195 1016 4265 scitia

606 4273 630 4370 ΒΙ
649 4298 664 4336 2
936 4276 1014 4356 capli-
