2858 4746
391 395 606 486 Lrotr
655 393 717 487 ΙΙ.
780 394 857 487 62.

135 531 448 641 superstitiosum,
468 499 729 641 sospiciosurm
752 535 978 644 gloriosum,
997 535 1095 618 stul-

133 664 222 726 tum
252 644 415 753 (naturae
433 644 605 724 ridentur
635 645 764 756 ipsae);
795 673 887 756 quas
921 647 1096 753 personas

1120 419 1218 516 243

132 755 278 864 agitare
298 756 475 848 solemus,
496 785 575 836 non
594 754 785 836 sustinere.
826 759 1007 836 Alterum
1027 787 1094 868 ge·
1168 764 1172 778 '

130 892 207 944 nus
236 865 290 944 est
311 863 526 946 imitatione
547 867 758 948 admodum
778 866 1001 962 ridiculum,
1033 871 1095 948 sed

131 975 244 1056 nobis
260 973 413 1056 tantitm
428 975 518 1058 licet
537 978 688 1068 furtim,
718 979 928 1088 riquardo,
949 1000 987 1059 et
1007 1009 1094 1060 cur·

129 1085 224 1167 fim:
255 1087 388 1167 'aliter
402 1088 508 1168 enim
526 1088 687 1168 minime
708 1087 762 1167 est
782 1089 949 1170 liberale.
990 1091 1092 1170 Ter·

129 1197 250 1291 tium,
268 1199 345 1279 oris
358 1199 587 1304 depravatio,
601 1227 680 1278 non
693 1200 808 1308 digna
821 1200 942 1281 nobis,
963 1201 1091 1300 Quar-

128 1325 232 1399 tum,
252 1307 493 1402 obscoenitas,
516 1339 599 1390 non
614 1307 739 1388 soloin
759 1315 837 1390 nori
858 1313 941 1390 foro
957 1314 1088 1420 digna,

127 1417 191 1498 scd
212 1418 276 1498 vix
295 1417 475 1501 convivio
495 1421 717 1498 liberorum.
758 1420 951 1499 Detrattis
972 1421 1091 1530 igitur

127 1545 189 1608 tot
205 1531 315 1608 rebus
331 1557 377 1610 ex
389 1528 463 1612 hoc
476 1530 642 1612 oratorio
657 1531 756 1622 loco,
771 1531 917 1610 facetiae
934 1534 1091 1642 reliquae

126 1639 230 1731 suot,
250 1669 337 1750 quae
356 1659 421 1719 aut
441 1641 481 1720 in
499 1669 548 1734 re,
567 1660 611 1718 ut
632 1660 718 1720 ante
734 1640 855 1734 diviti,
878 1639 1007 1748 pofitae
1027 1642 1087 1720 vi-

125 1751 270 1830 dentur
283 1750 368 1844 effe,
386 1753 506 1832 autin
522 1751 658 1832 verbo:
681 1779 773 1830 nam
791 1754 912 1861 qood,
930 1752 1090 1860 quibus-

125 1889 297 1969 cumque
319 1863 611 1955 verbis'dixeris‚
631 1864 799 1942 facetum
816 1882 946 1942 tamen
967 1859 1033 1956 est,
1049 1891 1089 1947 re

123 1973 486 2083 contineturtquod
498 1973 788 2052 mutatisverbis
801 1973 918 2054 salem
931 1965 1089 2072 amittit,

124 2081 167 2162 irr
190 2084 313 2164 verbis
334 2085 449 2162 habet
468 2086 639 2192 leporem
658 2113 830 2164 omnem.
888 2083 1088 2192 Ambigua

123 2191 221 2306 sunt·
243 2193 437 2301 inprimis
458 2216 583 2289 acuta,
616 2215 728 2304 atque
755 2196 795 2274 in
814 2197 932 2276 verbo
950 2195 1087 2302 pofita2

123 2331 205 2384 non
221 2305 261 2384 in
277 2333 333 2386 re:
364 2307 519 2386 sednon
536 2306 631 2412 saepe
648 2334 835 2412 magnum
857 2305 975 2384 risum
995 2335 1085 2386 mo*

122 2437 236 2495 vent:
258 2417 380 2524 magis
402 2418 444 2496 ot
464 2415 562 2495 betlt
581 2435 619 2493 et
639 2416 785 2494 literato
806 2416 906 2493 dieta
925 2418 1084 2496 laudan·
1119 2447 1124 2459 ¹
1190 2467 1193 2472 -

120 2543 210 2622 tur;
239 2527 253 2564 ⁶
272 2547 315 2606 ut
335 2526 375 2606 in
395 2529 511 2607 illurn
528 2527 701 2621 Titium,
718 2523 787 2634 qui
805 2525 896 2607 cion
916 2525 1084 2606 studiose

912 2709 916 2713 .
1005 2637 1102 2744 pila¹
1201 2683 1204 2688 ·

117 2759 171 2832 rin,
187 2761 232 2822 scd
246 2777 341 2822 natura
352 2763 464 2823 ridetur:
485 2767 533 2822 has
547 2763 587 2821 vi-
616 2761 705 2821 libens
730 2763 760 2822 in
781 2761 940 2844 sententirm
961 2761 1084 2821 Munatii

118 2844 202 2904 tiosas
215 2851 341 2927 personas
356 2868 446 2908 orator
459 2872 515 2909 non
535 2850 588 2908 sus·
618 2849 731 2920 transeo,
752 2849 801 2928 qui
823 2848 858 2905 fic
873 2849 1018 2926 legendum
1032 2849 1085 2910 effe
1153 2841 1156 2852 Α

119 2932 201 3005 tinet,
221 2935 327 2995 sedeas
350 2937 409 2996 aliis
430 2937 588 2996 deridendos
619 2933 744 3010 conjecit,
764 2936 838 2992 aliter
858 2939 921 2991 enim
935 2933 1084 3010 minimiest

119 3022 233 3098 pta-bet.
272 3021 407 3094 Secundo,
427 3043 484 3082 non
502 3023 587 3082 soloin
617 3023 724 3080 liberale.
764 3025 826 3082 loro
846 3021 947 3082 indicia
958 3023 1084 3100 quaedam

119 3127 179 3166 non
206 3109 270 3167 licet
289 3111 388 3169 oratori
414 3109 466 3170 effe
483 3111 589 3170 moroso
618 3106 786 3166 Manrrtianae
819 3107 941 3166 lefiionis
981 3111 1084 3168 habent

118 3211 173 3253 etc.
203 3195 247 3254 seri
267 3215 303 3254 ne
327 3189 413 3254 nimia
435 3197 587 3264 imitatione
618 3191 693 3250 MSti
707 3193 785 3268 Mag.
798 3206 825 3250 et
838 3193 914 3254 Nor.
934 3197 981 3274 qui
1002 3197 1081 3256 erhi-

117 3283 272 3362 exprimere
290 3284 395 3342 vitiosas
414 3283 473 3342 istas
497 3279 586 3362 perso-
617 3280 682 3336 berit
703 3281 808 3338 alterum
829 3285 1011 3344 enirn‘minim?
1029 3301 1081 3346 etc.

118 3391 182 3432 nas:
205 3367 268 3428 ferri
290 3370 402 3448 quidem
416 3360 501 3448 potest
524 3371 586 3430 imi.
616 3362 713 3422 Sensus
726 3365 781 3424 est:
802 3365 924 3426 concedi
936 3370 1030 3446 potest,
1052 3384 1082 3432 ut

117 3457 197 3527 tatio,
222 3455 371 3515 sibreriter
390 3457 488 3534 injecta
507 3458 546 3529 stt,
567 3459 586 3517 sr
616 3467 706 3510 orator
722 3453 874 3514 imitatione
884 3455 965 3514 risum
975 3471 1079 3536 captets
1131 3469 1135 3480 '

117 3565 177 3604 non
190 3545 309 3623 quaefita,
329 3545 372 3602 sed
385 3565 418 3603 ex
433 3561 533 3603 renata
546 3547 587 3604 vj.
617 3537 660 3598 sed
673 3540 722 3600 ista
735 3540 850 3600 imitatio
871 3539 1080 3602 furtimretcur·
1120 3589 1124 3598 .

117 3631 230 3699 dearum
252 3630 328 3689 aliter
340 3652 395 3690 non
409 3632 446 3690 est
465 3631 586 3691 hominis
616 3625 673 3694 sun,
695 3645 751 3684 non
765 3627 866 3688 diutios
880 3645 907 3686 et
919 3628 1000 3686 nimis
1013 3623 1078 3706 cap'·

117 3715 235 3796 ingenui
249 3731 276 3773 et
289 3715 418 3778 liberalis.
613 3713 694 3770 tanda
714 3714 759 3784 est,
781 3735 816 3772 ne
830 3712 965 3776 illiberalis
979 3729 1006 3772 et
1023 3715 1076 3774 rni-

160 3821 177 3884 ς
210 3805 317 3882 Vulgo,
356 3805 462 3862 alterum
486 3807 586 3864 minime*
614 3800 684 3858 mica
697 3801 826 3860 videatur.

113 3889 151 3967 fi
169 3889 295 3964 liberale]
325 3887 509 3948 Ptrecefferant
529 3891 585 3950 duo
662 3889 680 3947 6
713 3904 741 3945 ut
775 3892 802 3948 in
838 3889 908 3946 illum
928 3886 1073 3970 ,qi'tirrmd

115 3997 236 4058 genera3
271 3976 391 4056 sequitur
420 3993 509 4034 aurem
532 3993 583 4038 ter·
610 3974 796 4054 Subintellige,
824 3975 856 4032 id
889 3976 957 4060 quod
983 3975 1080 4036 dim

114 4063 203 4122 tium:
219 4081 276 4122 non
286 4059 370 4140 igitur
381 4081 485 4120 novum
496 4081 583 4140 genus
621 4065 667 4118 uit.

113 4147 163 4214 tte
197 4147 360 4228 defignarur.
411 4151 583 4246 Qaproprer
