2858 4746
187 427 191 435 '
276 415 373 487 220

604 385 1109 482 DeOiiToie

390 557 491 610 mur.
534 526 667 636 Atque
686 524 822 606 iisdem
840 523 902 606 his
916 554 963 607 ex
983 526 1076 608 locis
1096 527 1291 610 etodium
1310 529 1350 610 in

391 640 487 722 alios
506 637 646 720 struere
665 636 870 733 discemus,
899 655 938 716 et
966 636 1117 720 inobis
1144 667 1188 718 ac
1212 639 1352 721 nostris

391 753 605 832 demovere.
650 748 877 856 Eademque
895 747 981 828 haec
999 776 1140 858 genera
1158 753 1352 832 tractanda

347 921 350 930 .
390 861 480 946 sunt
499 860 540 941 in
559 858 755 940 iracundia
771 860 834 938 vel
853 859 1053 940 excitanda
1077 860 1138 939 vel
1164 848 1349 944 sedanda:

391 1001 484 1056 nam
504 971 652 1081 siquod
672 969 770 1077 ips1s‚
803 968 871 1077 qui
891 969 1066 1064 audiunt,
1092 969 1351 1076 perniciosum

392 1105 459 1164 aut
479 1082 616 1163 inutile
635 1080 691 1174 fit,
710 1079 751 1159 id
770 1081 916 1160 faetum
931 1109 1083 1189 augeae,
1097 1080 1235 1162 odium
1249 1111 1352 1164 crea·

392 1213 476 1276 tur:
506 1193 598 1289 'fin,
611 1191 715 1302 quod
730 1209 796 1269 aut
815 1190 855 1269 in
871 1192 992 1272 bonos
1007 1189 1121 1286 vitoe,
1140 1191 1267 1274 autin
1286 1221 1352 1274 eos

393 1307 436 1390 in
471 1326 569 1415 quos
601 1301 760 1413 quisque
788 1300 953 1382 minime
980 1301 1169 1398 debuerit,
1213 1303 1348 1385 aut-in

391 1413 708 1525 Rempublicam,
738 1429 826 1492 tum
855 1411 1053 1507 excitatur,
1089 1413 1122 1491 Ιᾗ
1155 1441 1235 1496 non
1267 1433 1349 1496 tam

336 1550 339 1570 ¹
374 1529 574 1612 'acerbum
591 1523 743 1618 odium,
773 1541 903 1602 tamen
923 1543 990 1602 aut
1009 1521 1164 1604 invidiae
1184 1545 1251 1606 aut
1269 1525 1348 1608 odii

390 1667 471 1724 non
489 1634 678 1720 diffunilis·
696 1631 865 1716 offensio.
906 1633 1007 1714 Item
1026 1633 1146 1714 timor
1163 1633 1351 1716 incutitur

389 1770 457 1834 aut
478 1777 525 1832 ex
555 1744 725 1854 ipsorum
748 1743 942 1850 periculis,
975 1763 1040 1824 aut
1059 1772 1106 1826 ex
1124 1746 1348 1827 communi·

390 1862 486 1944 bus:
514 1855 671 1938 interior
690 1851 746 1936 est
775 1853 842 1934 ille
860 1853 1058 1962 proprius3
1086 1855 1148 1939 sed
1166 1855 1234 1937 hic
1251 1887 1349 1968 quo.

389 1998 466 2082 que
484 1964 707 2050 communis
726 1963 773 2046 ad
799 1965 964 2047 eandem
980 1963 1276 2050 similitudinem
1294 1969 1348 2050 est

302 2091 305 2104 “
388 2079 668 2189 perducendus.

279 2213 347 2275 m

446 2191 520 2272 Par
537 2208 651 2300 atque
664 2213 742 2268 una
756 2186 853 2268 ratio
866 2185 921 2268 est
940 2187 1031 2294 spei,
1053 2188 1209 2284 laetitiae,
1223 2193 1348 2272 mole-

387 2301 489 2384 stiae:
517 2301 579 2382 sed
598 2299 701 2380 haud
720 2296 850 2393 sciam,
878 2325 926 2378 an
945 2299 1151 2382 acerrimus
1166 2285 1284 2427 Ιοῖιςξ1
1302 2303 1346 2384 fit

384 2413 567 2500 omnium
586 2429 716 2492 motus
741 2409 911 2504 invidiae,
941 2435 1012 2490 nec
1042 2409 1172 2490 minus
1201 2410 1346 2494 virium
1416 2443 1417 2459 *

387 2555 484 2634 opus
496 2525 540 2604 fit
555 2524 594 2603 in
607 2550 651 2602 ea
661 2519 963 2627 comprimenda,
976 2520 1097 2630 quim
1115 2521 1156 2600 in
1171 2523 1344 2605 excitan-

387 2639 447 2718 da.
506 2631 686 2716 Invident
705 2651 835 2712 autem
854 2629 1033 2712 homines
1052 2631 1221 2712 maxim&
1244 2635 1344 2741 pari·

377 2739 458 2826 ¹bus
473 2763 538 2826 aut
556 2737 921 2836 inferioribu8,c1im
939 2739 975 2820 se
994 2741 1147 2823 relidios
1162 2743 1345 2843 sentiunt,

385 2858 474 2940 illos
489 2872 619 2934 autem
631 2851 762 2932 dolent
773 2850 960 2933 evolasse:
981 2851 1176 2934 sedetiam
1196 2853 1342 2963 superi.

384 2967 514 3058 oribus
534 2961 727 3045 invidetur
745 2960 839 3071 saepe
858 2960 1118 3065 vehementer,
1137 2984 1176 3044 et
1194 2965 1242 3048 ee
1261 2995 1344 3048 ma·

430 3235 441 3271 1
455 3215 508 3290 fin,
526 3215 656 3293 quodaut
674 3215 790 3274 iubenes
807 3215 851 3272 w‘-
876 3211 992 3284 audium,
1010 3213 1171 3292 pmicc'ffum
1192 3231 1239 3274 aut
1258 3219 1345 3276 inuti&

386 3301 507 3378 roseta]
528 3299 635 3358 Vitiosa
648 3303 720 3362 certe
738 3301 776 3360 est
793 3300 850 3358 sen-
895 3316 915 3370 t,
942 3301 973 3356 id
990 3321 1092 3380 augeas,
1121 3303 1204 3360 odim
1225 3323 1344 3366 creatur:

385 3385 478 3458 tentia,
492 3407 575 3466 quam
586 3385 737 3446 Lambinus
748 3386 851 3446 liccor-
894 3409 918 3456 n,
939 3387 1006 3465 quod
1021 3403 1067 3443 aut
1085 3391 1112 3442 in
1124 3387 1194 3446 bonos
1209 3395 1283 3448 viros
1303 3389 1341 3450 fa·

385 3471 459 3552 figit,
470 3474 522 3550 fin,
541 3471 609 3551 quod
624 3487 670 3529 aut
687 3473 756 3530 bonis
772 3477 850 3542 viris,
867 3471 959 3544 cium,
982 3475 1067 3528 autin
1079 3493 1117 3528 eos
1129 3489 1180 3532 etc.
1219 3473 1302 3536 Certi
1321 3477 1341 3535 fi

382 3575 429 3616 aut
442 3561 475 3614 iis
496 3581 555 3637 quoe
574 3559 671 3637 qusque
686 3558 787 3617 minim?
802 3559 848 3616 Iae·
876 3577 929 3615 vox
946 3560 1049 3632 ijum
1070 3557 1100 3616 in
1120 3558 1261 3636 posteriori
1282 3565 1341 3622 sen·

380 3647 437 3704 dere
448 3645 566 3716 debuerit,
585 3661 631 3702 aue
645 3647 785 3724 reipublicae
795 3661 846 3704 etc.
875 3643 965 3705 tentiae
989 3661 1063 3722 parte
1084 3643 1230 3704 intextum
1255 3649 1339 3730 recipi

380 3731 434 3792 Sed
446 3731 506 3804 alifi,
516 3731 623 3810 opinor,
635 3732 845 3810 aggrediendum
874 3752 929 3789 non
943 3731 1033 3802 debet,
1053 3730 1217 3811 subintelligi
1240 3735 1337 3794 debet:
1412 3721 1414 3806 f

381 3815 419 3874 est
431 3817 491 3876 vii:
511 3816 579 3875 istud
586 3819 698 3893 salium,
718 3818 793 3896 quod
816 3817 845 3876 in
873 3833 902 3875 ut
912 3817 1015 3892 fadum
1035 3816 1064 3874 in
1086 3817 1157 3875 bonos
1171 3825 1245 3876 viros
1265 3823 1337 3880 idem

380 3902 472 3980 priore
492 3920 566 3982 parte
590 3903 737 3977 sententiae,
763 3905 845 3982 plane
872 3903 945 3964 sitae
958 3919 1043 3962 contra
1065 3901 1152 3964 b'onos
1172 3905 1253 3966 viros.
1292 3907 1337 3966 Sic

380 3987 495 4046 otiosum'
507 3989 554 4060 est,
575 4011 609 4050 ex
629 3991 676 4050 illo
698 3995 759 4050 loco
773 3993 843 4051 arbi·
870 3989 970 4049 Noster
981 3989 1015 4048 de
1028 3991 1120 4050 Amic.
1144 4013 1168 4051 c.
1187 4013 1231 4051 ιε.
1265 3997 1341 4069 Qid

379 4089 436 4136 tror
457 4075 511 4134 huc
523 4077 611 4136 affeni
629 4079 745 4138 debere:
766 4079 844 4160 lego
870 4075 900 4132 in
912 4076 950 4133 P.
963 4077 1096 4154 Scipionem
1114 4077 1263 4148 effecerint,
1283 4083 1337 4155 fiee
1412 4107 1413 4146 ;

380 4161 473 4245 igitur,
501 4185 561 4222 nam
576 4165 608 4244 fi
624 4167 693 4245 quod
709 4168 774 4247 ipfis,
801 4173 846 4248 qui
869 4163 982 4237 lavatis
994 4183 1042 4220 ma
1052 4183 1113 4242 queo
1125 4164 1214 4224 dicere.
1222 4164 1299 4311 TSic
1309 4179 1336 4224 et

1251 4265 1337 4312 esent·
