2890 4752
266 391 271 408 '
334 393 548 485 Lrsnn
593 385 654 486 ΙΙ.
718 419 797 515 75.
1061 421 1151 516 271

65 563 210 647 quarn,
223 535 285 618 sed
303 537 407 616 suam
424 535 650 646 significavit
669 537 906 653 facultatem.
938 535 1033 616 Ete-
1102 529 1105 536 ⁴

68 648 161 728 nim
180 649 376 756 permulta
395 647 483 726 sunt
503 644 543 726 in
564 645 710 742 cauffis,
739 647 782 726 in
801 647 910 726 omni
930 669 1034 753 parte

68 758 261 844 orationis
280 757 635 863 circumspicienda,
667 757 829 882 nequid
848 755 1034 852 offendas,

69 897 122 949 ne
137 895 218 980 quo
228 867 361 948 irruas.
393 869 499 973 Saepe
514 867 653 976 aliquis
667 867 772 976 testis
788 888 853 947 aut
868 897 950 974 npn
965 870 1034 950 lae-

67 979 145 1072 dit,
158 997 224 1058 aut
240 977 370 1058 minus
383 977 499 1071 laedit,
515 977 583 1058 nist
604 977 819 1059 lacessatur:
837 999 919 1059 orat
938 1007 1036 1076 reus,

68 1108 217 1198 urgent
231 1085 420 1183 advocati,
438 1108 482 1168 ut
501 1089 745 1184 invehamur,
766 1109 810 1169 ut
830 1089 1038 1172 maledica·
1145 1137 1151 1144 ·

69 1227 180 1290 mus,
200 1199 367 1308 denique
381 1218 425 1277 ut
445 1199 853 1308 interrogemustfnon
868 1227 1040 1298 moveor,

70 1339 160 1402 non
178 1310 417 1415 obtemper0‚
437 1337 515 1390 non
535 1310 739 1404 satisfacio,
764 1337 889 1420 neque
907 1331 1039 1396 tamen

70 1421 204 1502 ullam
219 1419 393 1529 assequor
406 1421 581 1500 laudem:
603 1421 782 1501 homines
795 1420 903 1498 enim
917 1424 1040 1530 impe·

73 1531 143 1612 riti
159 1529 322 1623 saciliiu,
333 1529 438 1638 quod
458 1529 570 1609 stulte
586 1531 737 1623 dixeris,
750 1533 1037 1635 reprehendere,

103 1639 213 1736 uim,
242 1644 348 1752 quod
367 1641 556 1748 sapienter
573 1642 747 1734 tacueris
777 1641 929 1720 laudare
952 1645 1038 1749 pos-

73 1672 179 1834 sunt.
212 1759 241 1824 .⁴
257 1749 336 1842 Hic
355 1771 548 1860 quantum
566 1751 610 1829 sit
630 1752 740 1846 mali,
772 1751 798 1830 fi
825 1751 999 1862 iratum,
1015 1756 1042 1836 si

75 1892 163 1944 non
191 1859 367 1955 stultum,
396 1861 421 1940 si
451 1890 530 1943 non
559 1863 687 1942 levem
714 1860 851 1941 testem
880 1864 1041 1947 laeseris?
1105 1911 1110 1922 ·

75 1975 199 2055 habet
216 1974 324 2052 edim
338 1975 632 2053 et'voluntatem
647 1973 811 2053 nocendi
830 1973 872 2053 in
893 1975 1042 2058 iracun-

78 2085 157 2179 dia,
172 2103 211 2163 et
225 2084 306 2163 uim
322 2082 364 2161 in
377 2083 547 2192 ingeni0,
558 2105 596 2163 et
610 2085 760 2192 pondus
780 2085 821 2162 in
834 2085 933 2167 vita:
953 2117 1039 2184 nec,
1168 2143 1175 2159 ι

77 2193 108 2276 st
127 2195 204 2275 hoc
216 2192 368 2274 Crass'us
381 2222 459 2274 non
477 2197 703 2288 committit,
722 2194 807 2274 ideo
830 2221 908 2276 non
924 2201 1043 2280 multi

78 2326 121 2386 et
136 2305 231 2412 saepe
246 2302 525 2385 committunt:
542 2334 621 2414 quo
631 2307 791 2414 quidem
806 2305 907 2385 mihi
921 2312 1043 2392 videri

79 2417 233 2526 turpius
248 2411 350 2494 nihil
365 2413 595 2524 solet‚quim
608 2411 700 2494 cum
711 2443 757 2494 ex
769 2417 927 2494 oratoris
940 2420 1043 2499 disto

80 2525 216 2640 aliquo
257 2546 324 2606 aut
352 2523 524 2632 responso
554 2545 619 2624 aut
648 2545 781 2634 rogatu
824 2525 949 2610 sermo
976 2531 1044 2610 ille

80 2637 268 2748 sequitur,
313 2635 440 2718 occidit
466 2637 549 2717 ille:
600 2636 927 2748 adversariarum?
979 2644 1046 2722 ime

80 2747 181 2840 veri,
209 2747 401 2937 aiannspe,
431 2765 466 2827 et
484 2777 575 2843 eum,
598 2777 697 2859 quem
719 2746 906 2857 defendit„

139 2859 232 2940 Hoc
244 2857 320 2938 Cra
351 2887 396 2938 us
409 2885 487 2938 non
500 2877 610 2966 putat
625 2857 693 2938 nist
705 2857 863 2965 perfidia
878 2858 1047 2943 accideie
1081 2881 1204 2942 LXXV.

81 2967 210 3079 posse:
239 2995 314 3076 ego
343 2990 473 3048 autem
495 2968 691 3076 saepiffime
710 2969 823 3049 video
853 2969 895 3050 in
915 2975 1045 3053 cauffis

82 3078 232 3206 aliquid
260 3081 354 3159 mali
384 3081 507 3160 faeere
526 3080 705 3160 homines
726 3078 890 3160 minim&
910 3084 1044 3165 malon.

82 3190 219 3292 Quid?
248 3191 362 3286 illud,
388 3190 493 3302 quod
513 3189 732 3298 supradixi,
765 3189 881 3272 solere
901 3221 965 3272 me
984 3223 1050 3274 ce-

81 3305 186 3394 dere,
197 3323 249 3394 et,
264 3322 306 3380 ut
323 3301 473 3409 planius
487 3302 627 3392 dicam,
643 3303 776 3409 sugere
795 3329 851 3396 ea,
863 3332 950 3413 quae
966 3304 1045 3384 val-

80 3413 131 3494 de
145 3410 315 3494 caussam
331 3439 459 3492 meam
473 3431 703 3520 premerent,
715 3414 805 3494 cum
828 3412 866 3492 id
886 3443 965 3496 non
978 3417 1044 3495 „fa-

81 3523 196 3636 ciunt
211 3522 291 3620 alii,
310 3521 578 3635 versanturque
597 3523 637 3602 in
653 3522 825 3604 hostium
841 3521 982 3622 castris,
1002 3553 1046 3606 ac
1077 3583 1082 3590 -

983 3636 1048 3716 sua

83 3801 199 3868 maden
221 3803 326 3872 tatione
348 3801 507 3881 postulante.
554 3799 645 3862 'mox
673 3803 838 3880 Themssocles
862 3803 1007 3884 respomliffl.

129 3911 148 3972 3
174 3892 262 3972 ‘W‘
294 3891 377 3970 illam]
407 3889 437 3949 Si
466 3889 556 3949 subin·
619 3917 638 3966 4
668 3889 722 3953 Hr‘c
753 3906 874 3970 quantum
904 3889 936 3948 fit
961 3891 1048 3969 Μὴ]

82 3973 193 4058 πῌΓιφὲ
239 3980 338 4038 dicitur
381 3979 423 4036 tel
464 3978 559 4048 dicunt,
575 3975 724 4035 'Vidioti'us
751 3975 858 4048 melida,
889 3990 919 4034 ut
940 3974 1049 4056 opinor,

86 4067 150 4124 nun
172 4081 242 4144 opis
260 4064 322 4136 erit,
342 4079 372 4122 ut
394 4081 457 4122 cum
477 4063 560 4122 Lam·
586 4061 652 4142 legit
662 4061 740 4147 fi¹·,

88 4149 162 4228 bino
199 4149 283 4230 legas,
335 4149 377 4210 illc
414 4148 497 4209 detor
533 4163 563 4206 et

948 4252 968 4317 5
979 4240 1056 4296 mini·
