2870 4728
184 359 324 532 'go
483 347 1105 497 ¹¹DnOaaroa'a

227 571 381 654 xxm·
404 625 407 630 ,
444 543 599 642 ⁵Quem
614 564 656 624 tu
672 543 789 637 mihi,
808 517 1113 655 inquit'Mutiua
1129 537 1315 633 Staseam,

386 685 508 766 quem
526 653 827 763 Peripateticum
847 655 998 736 narras?
1028 651 1231 734 Gerendus
1261 650 1319 730 est
1429 689 1430 762 j

386 767 459 846 tibi
492 793 578 847 mos
612 765 927 859 adolescentibuS,
960 753 1102 860 Crasse,
1140 761 1321 872 quinon
1429 767 1430 820 ³

260 879 261 884 ’
388 878 520 957 Graeci
555 877 714 985 alicujus
743 876 1011 985 quotidianam
1044 872 1319 984 loquacitatem

389 987 564 1082 sucoso,
584 1015 708 1096 neque
720 1016 766 1066 ex
786 988 925 1102 scipulis
939 986 1173 1096 cantilenam
1191 983 1326 1092 requi·¹

391 1121 494 1193 runt,
520 1098 582 1180 sed
593 1127 647 1199 ex
665 1097 826 1180 homine
845 1099 1027 1179 omnium
1052 1094 1322 1204 sapientissimo
1429 1093 1430 1126 ³

392 1200 508 1320 atque
531 1209 853 1318 eloquentissimo,
875 1229 989 1319 atquc
1006 1237 1052 1288 ex
1071 1233 1132 1301 eo,
1154 1205 1322 1316 quinon
1429 1247 1430 1312 r

395 1320 438 1426 in
452 1319 610 1413 libellis,
632 1319 694 1406 sed
714 1319 758 1398 in.
770 1319 950 1398 maximis
964 1318 1111 1412 caussis,
1132 1337 1170 1396 et
1189 1315 1231 1401 in
1245 1316 1322 1396 hoc
1429 1393 1430 1426 p

395 1431 596 1512 domicilio
616 1419 767 1536 imperii
788 1451 825 1511 et
853 1430 987 1539 gloriae
1009 1430 1053 1508 srt
1070 1427 1323 1508 consiliolin-

394 1570 547 1652 goaque
567 1541 753 1648 princepe,
773 1544 880 1650 cujus
894 1540 1053 1648 vestigia
1068 1539 1237 1647 persequi
1253 1559 1322 1616 eu·
1429 1551 1430 1600 ἒ

395 1653 520 1759 piant,
532 1656 613 1761 ejus
626 1652 853 1732 sententiam
867 1651 1110 1731 sciscitantur.
1126 1649 1323 1758 Equidem

395 1784 435 1842 te
447 1765 538 1843 eum
550 1765 589 1851 in
602 1763 763 1840 dicendo
779 1761 924 1869 semper
936 1762 1065 1868 putavi
1082 1763 1213 1856 deum,
1236 1779 1324 1838 tum
1429 1765 1430 1772 ’

396 1873 487 1951 verd
499 1872 569 1950 tibi
585 1873 1045 1983 numquameloquentiae
1057 1873 1242 1981 majorem
1256 1869 1325 1962 tri·

397 1982 466 2061 bui
486 1983 655 2077 laudem,
676 1982 794 2091 quam
814 1982 1065 2063 humanitatis
1083 2016 1093 2077 ;
1124 2011 1200 2094 qua
1219 2009 1325 2061 nune
1429 2005 1430 2026 ¹

398 2113 437 2172 te
466 2093 523 2172 uti
557 2094 619 2171 vel
649 2093 817 2173 maxime
842 2095 965 2188 decet,
1000 2109 1127 2204 neque'
1143 2094 1325 2200 defugere
1429 2141 1430 2196 q

314 2301 317 2312 ι
398 2231 487 2283 eam
504 2203 815 2312 disputationem,
845 2207 891 2284 ad
910 2231 1028 2314 quarn
1047 2225 1085 2284 te
1105 2205 1182 2302 duo
1201 2206 1327 2284 excel·
1429 2205 1430 2224 ¹

397 2314 512 2394 lentis
531 2313 675 2422 ingenii
695 2315 948 2395 adolescentes
962 2315 1123 2422 cupiunt
1135 2316 1324 2394 accedere.

374 2512 378 2522 ,
398 2426 487 2534 Ego
507 2425 611 2518 verd,
643 2424 784 2534 inquit,
810 2426 889 2506 istis
908 2425 1063 2536 obsequi
1083 2425 1231 2521 studeo,
1253 2453 1326 2504 ne-

396 2565 473 2646 que
492 2535 676 2642 gravabor
697 2537 858 2616 breviter
873 2565 962 2616 meo
977 2563 1098 2628 more,
1117 2536 1212 2644 quid
1230 2565 1326 2644 qua·

398 2674 474 2755 que
506 2647 554 2724 de
583 2673 622 2724 re
652 2645 827 2742 sentiam,
860 2647 997 2726 dicere.
1032 2649 1120 2726 'Ac
1153 2645 1327 2754 primum
1429 2643 1430 2696 ἕ

394 2757 497 2834 illud
512 2754 715 2863 (quoniam
728 2756 1327 2866 auetoritatemtuamnegligere
1380 2809 1390 2828 ·
1429 2823 1430 2852 1

400 2867 589 2959 Scaevola,
607 2867 662 2946 fas
677 2867 777 2946 mihi
794 2867 865 2947 effe
881 2897 961 2950 non
974 2873 1088 2982 puto)
1108 2865 1327 2976 respondeo

400 2975 502 3084 mihi
521 2975 672 3055 dicendi
693 2996 757 3060 aut
777 2979 928 3058 nullam
947 2997 1083 3074 artem,
1118 2999 1183 3058 aut
1202 2999 1327 3086 perte·
1376 2970 1382 2980 ’

400 3114 520 3166 nuem
534 3085 676 3180 videri3
697 3087 758 3177 sed
772 3117 933 3169 ornnem
947 3087 1019 3168 effe
1035 3087 1328 3172 contentionem
1429 3135 1430 3168 r

401 3197 500 3274 inter
519 3196 699 3277 homines
718 3198 849 3279 doetos
875 3199 916 3278 in
941 3199 1047 3278 verbi
1076 3203 1330 3282 controversia
1429 3239 1430 3270 ÷

358 3335 363 3348 ·
399 3307 574 3414 positam.
608 3307 730 3402 Nam,
748 3309 773 3386 fi
790 3337 847 3388 ars
862 3310 915 3388 ita
930 3309 1109 3389 definitur
1127 3310 1202 3418 (ιη’
1211 3314 1330 3420 paulo

400 3437 489 3498 ante
507 3417 679 3522 exposuit
708 3420 934 3536 Antonius),
967 3449 1013 3500 ex
1033 3423 1144 3501 rebus
1174 3422 1330 3528 penitus

398 3525 601 3634 perspectis
621 3530 808 3640 planeque
826 3531 1007 3640 cognitu,
1024 3551 1154 3641 'atque
1173 3533 1220 3612 ab
1239 3535 1329 3642 opi·

300 3709 320 3744 a
362 3633 367 3644 ’
399 3637 527 3718 nionis
547 3637 703 3718 arbitrio
733 3641 923 3749 sejunctis,
955 3641 1186 3750 scientiaque
1216 3672 1330 3726 com·

349 3858 357 3864 ἱ
397 3747 611 3855 prehenfis;
633 3778 712 3830 non
728 3750 830 3834 mihi
846 3753 996 3833 videtur
1011 3781 1068 3832 ars
1079 3753 1239 3834 oratoris
1254 3755 1330 3838 efl'e

459 3863 467 3878 '
1429 3877 1430 3926 r

1429 4141 1430 4194 t

1218 3867 1326 3948 ullae
1429 3943 1430 3952 a

438 3974 557 4048 er
582 3988 610 4028 tu
641 3971 721 4045 mihi,
756 3973 848 4052 inquit
880 3975 1007 4057 rumqui
1018 3974 1331 4056 potiorvidetunquirm

398 4055 847 4132 Murius‚]InLarubiuiEditione
879 4061 1023 4139 volgatus.
1065 4063 1147 4136 Quem
1166 4077 1203 4135 tu,
1228 4061 1332 4143 inquit,

395 4145 522 4214 ctMStis
535 4147 630 4208 Gonr.
644 4167 672 4210 et
685 4151 763 4212 Harl.
776 4153 844 4214 duo·
879 4148 1139 4221 minturnensem.
1429 4203 1430 4216 a

396 4231 447 4296 bus
468 4233 644 4296 hicoccurrit
660 4239 727 4300 ordo
747 4243 842 4304 verbo.
912 4234 935 4324 ι6
954 4236 1055 4316 aliquid
1072 4233 1147 4296 ime
1162 4237 1327 4317 promsrffe]
1429 4247 1430 4296 ἕ

1218 4325 1327 4390 Annon
