2870 4728
352 385 649 510 ernnffl
714 389 845 514 28.
1093 424 1158 517 59

86 525 221 610 fuille.
278 527 370 626 Quo
387 528 508 607 etiam
527 530 680 636 gravius
694 506 919 639 judicium
909 559 950 608 1n
970 529 1031 609 di·

89 631 222 734 cendo
237 633 430 717 subimus?
450 639 715 771 quotiesenim
727 641 906 736 dicimuS,
918 639 1033 721 toties

90 751 144 826 de
165 747 281 842 nobis
304 749 529 874 judicatur:
551 771 589 830 et
596 749 676 890 qui
675 745 863 830 'semel
852 777 895 828 111
923 749 1033 860 gestu

91 859 289 972 peccavit,
325 887 405 940 non
425 859 613 943 continud
632 852 872 941 existimatur
892 861 1034 940 nescire

90 968 281 1076 gestum3
309 971 418 1078 cujus
452 990 584 1050 autem
615 971 657 1051 in
690 973 874 1052 dicendo
887 971 1036 1110 aliqud

92 1077 373 1186 'reprehensum
393 1080 460 1175 est,
480 1102 546 1161 aut
562 1102 704 1162 aeterna
719 1083 760 1162 in
776 1109 834 1178 eo,
854 1103 920 1164 aut
935 1080 1035 1162 certd

93 1189 283 1292 diuturna
301 1193 405 1271 valet
423 1192 557 1298 opinio
572 1193 771 1275 tarditatis,

153 1302 261 1382 Illud
275 1302 377 1396 vero,
392 1302 581 1412 quodate
595 1303 744 1384 drdlum
759 1289 830 1402 est,
845 1303 933 1384 Esse
949 1325 1033 1413 per·
1049 1314 1191 1374 XXVIII

92 1413 242 1506 multa,
273 1441 361 1550 quae
392 1431 520 1510 orator
547 1413 659 1494 nisra
689 1435 823 1494 natura
857 1414 1030 1511 haberet,

92 1552 179 1604 non
199 1521 407 1603 multum
394 1553 416 1605 a
441 1523 626 1634 magistro
645 1502 898 1662 adjuvaretur,
924 1527 1033 1607 valde

92 1634 171 1714 tibi
192 1633 421 1728 affenti0r3
411 1663 529 1744 mque
544 1664 590 1716 eo
605 1638 668 1715 vel
686 1635 857 1715 maxime
842 1633 1042 1743 probavi.

94 1746 304 1825 summurn
333 1745 451 1824 illum
475 1747 690 1843 dodlorem,
722 1745 1034 1826 Alabandensem

94 1856 379 1980 Apollonium,
410 1855 494 1966 qui,
529 1857 621 1938 ciam
654 1859 830 1938 mercede
863 1859 1032 1952 doceret,

95 1969 233 2046 tamen
260 1995 340 2047 non
365 1967 580 2076 patiebatur
605 1998 685 2064 eos,
717 1996 815 2079 quos
836 1969 1036 2079 judicabat

94 2107 178 2174 non
193 2077 297 2186 polle
311 2100 479 2160 oratores
492 2080 661 2176 evadere,
673 2107 830 2188 operam
843 2079 943 2186 apud
959 2078 1033 2158 sese

95 2191 285 2316 perdere,
333 2189 695 2299 dimittebatque,⁵
730 2210 780 2285 et,
824 2191 1034 2300 adquam
1108 2273 1148 2290 ,q

96 2307 296 2410 quemque
312 2321 435 2382 artem
452 2303 611 2408 putabat
626 2299 698 2381 else
713 2321 861 2409 aptum,
881 2301 928 2381 ad
948 2329 1035 2384 eam

97 2412 302 2538 impellere
333 2432 447 2539 atque
481 2412 625 2498 hortari
654 2411 821 2493 solebat.
866 2409 952 2491 satis
979 2411 1035 2489 est

98 2524 208 2602 enim
224 2524 373 2602 cae‘teris
389 2523 558 2602 artificiis
579 2523 846 2630 percipiendiS,
860 2540 1034 2600 tantum-

97 2635 220 2714 modo
253 2625 420 2713 fimilem
451 2633 523 2734 ell'e
554 2632 743 2728 hominis,
775 2652 812 2710 et
844 2631 898 2726 id,
928 2631 1033 2741 quod

98 2731 286 2838 tradatur,
315 2745 378 2826 vel
403 2745 523 2824 etiam
542 2745 770 2871 inculcetur,
804 2692 917 2853 siquis
937 2741 1034 2822 forte

100 2857 145 2934 fit
163 2855 320 2950 tardior,
340 2855 442 2972 polle
462 2855 684 2978 percipere
673 2855 805 2936 animo
823 2875 862 2933 et
881 2844 1033 2933 memo-

101 2961 156 3076 ria
171 2967 374 3046 custodire.
415 2966 511 3046 Non
531 2966 719 3076 quaeritur
738 2964 936 3046 mobilitas
956 2962 1032 3042 lin-

100 3107 203 3192 guae,
227 3107 306 3157 non
326 3077 497 3156 celeritas
518 3081 741 3170 verborum,
770 3105 849 3155 non
869 3074 1033 3183 denique

1 3249 11 3264 .
100 3215 157 3280 ea,
176 3217 267 3300 qnae
282 3188 391 3268 nobi
363 3218 393 3266 rs
409 3217 486 3266 non
507 3187 703 3294 pollumus
724 3188 879 3295 fingere,
900 3185 1031 3275 facies,

99 3301 250 3394 vultuS,
283 3299 406 3379 sonus.
466 3299 511 3379 ln
531 3317 679 3378 oratore
710 3320 841 3376 autem
870 3323 1035 3377 acumen

99 3406 408 3512 dialedlicorum,
454 3408 648 3488 sententiae
695 3407 1033 3534 philosophorum,

100 3519 267 3648 'rerba
243 3551 359 3650 prope
390 3539 606 3654 poetarum,
638 3520 827 3600 memoria
849 3517 1038 3628 juriscon-

830 3630 1036 3750 fohorum,

101 3757 167 3830 eto]
190 3754 333 3817 Editiones
347 3755 421 3812 Ven.
440 3753 557 3811 Medion
588 3751 649 3812 ferri
663 3753 823 3830 nonpotest,
838 3743 968 3830 quoniam
982 3768 1037 3804 vox

102 3841 191 3904 §areb
205 3857 233 3900 et
252 3839 332 3898 Mari.
355 3839 474 3915 liabent
478 3854 502 3895 et
523 3839 561 3893 all
586 3853 670 3919 aprum
698 3838 837 3928 singularis
861 3835 899 3894 est
922 3833 1039 3912 numeri,

102 3949 186 4010 qxaam
225 3945 364 4024 quemque
400 3941 480 3982 artem
506 3939 558 3982 etc·
588 3932 714 3988 cumvox
728 3951 765 3984 eos
773 3903 888 4005 pluralis
902 3923 1049 4002 praecelleg

104 4015 260 4074 Lambinus
288 4011 369 4071 etiarn
393 4011 501 4069 testatur
533 4010 559 4067 se
589 4033 647 4074 rat:
681 4035 732 4073 nec
755 4015 837 4070 habet
864 4010 1038 4090 Adjccliuum

103 4091 198 4160 uidisse
221 4118 301 4156 voces
314 4099 352 4154 ad
361 4119 435 4176 quam
448 4119 563 4176 quemque
588 4121 674 4186 aprum
707 4103 907 4163 substantivum
943 4105 1038 4176 ullum,

103 4189 135 4266 in
148 4185 242 4243 duabu.
235 4205 257 4240 s
271 4181 405 4242 veteribus
425 4182 510 4251 libris,
535 4195 562 4240 et
590 4193 788 4273 quicumcohae
767 4209 855 4252 affigat

105 4277 215 4339 nonnul
218 4270 328 4332 'isaliia
348 4271 453 4352 Vulgat
454 4291 469 4329 a
481 4225 561 4330 lcbliu

836 4381 843 4392 ·
947 4347 1041 4407 burrus
