2866 4740
635 311 1176 426 DaOnArona-

425 471 598 554 nostram
616 472 853 558 dictionem:
885 475 947 556 sed
965 495 1099 560 tamen
1126 477 1167 558 in
1186 476 1249 560 his
1268 478 1356 588 ipfis

425 585 538 664 rebus
556 587 749 693 permulta
769 585 868 683 sunt,
887 616 974 696 quae
992 585 1055 667 isti
1074 588 1265 698 magistri,
1281 590 1354 702 qui

427 694 627 801 Rhetorici
642 717 839 793 vocantur,
856 726 926 780 nec
942 697 1110 792 tradunt,
1126 729 1197 780 uec
1209 721 1353 780 tenent.

424 807 524 906 Quis
548 807 657 888 enim
687 806 806 889 nescit
835 807 1048 890 maximam
1076 811 1160 890 vim
1191 810 1353 892 existere

423 911 583 1000 oratoris
597 919 640 1001 in
654 915 865 1000 hominum
885 920 1080 1008 mentibus
1096 924 1158 1000 vel
1173 923 1220 1001 ad
1240 923 1352 1018 iram,

421 1048 488 1110 aut
507 1029 553 1114 ad
572 1029 724 1125 odium,
755 1051 820 1111 aut
840 1031 1015 1114 dolorem
1035 1031 1258 1128 incitandIS,
1289 1037 1352 1114 vel

420 1139 469 1230 ab
484 1138 587 1221 hisce
601 1139 736 1226 iisdem
755 1142 1062 1250 permotionibus
1082 1145 1128 1224 ad
1148 1144 1351 1225 lenitatem

419 1247 797 1364 misericordiamque
828 1253 1075 1342 revocandis?
1106 1254 1247 1364 ⁶quae·,
1280 1257 1350 1336 nist

414 1361 486 1470 qui
507 1382 660 1450 naturas
672 1361 900 1460 hominum,
913 1363 1073 1474 vimque
1087 1393 1248 1446 omnem
1269 1365 1348 1446 hu-

417 1473 632 1569 manitatiS,
665 1473 880 1584 caussasque
910 1501 988 1570 eac,
1024 1475 1164 1584 quibus
1198 1497 1350 1558 mentes

416 1605 483 1672 aut
502 1583 712 1667 incitantur
727 1606 792 1666 aut
808 1585 1074 1680 reflectuntur,
1092 1587 1245 1692 penitus
1265 1618 1349 1694 per-

416 1694 588 1802 spexerit,
632 1695 810 1789 dicendo,
862 1697 968 1806 quod
1000 1699 1119 1791 volet,
1165 1699 1347 1806 perficere

413 1833 493 1894 non
513 1805 665 1913 poterit.
724 1803 846 1916 Atqui
866 1825 972 1886 totus
999 1805 1064 1888 hic
1091 1809 1198 1890 loeus
1216 1810 1346 1917 philo·

411 1915 624 2024 sophorum
653 1915 827 2024 proprius
860 1916 1024 2012 videtur,
1053 1947 1178 2030 neque
1203 1941 1344 2015 orator,

410 2055 475 2108 me
490 2029 656 2123 auctore,
667 2055 858 2140 umquam
874 2027 1122 2138 repugnabit:
1152 2029 1229 2126 sed,
1248 2033 1342 2112 cbm

371 2229 375 2236 ,
413 2137 492 2220 illis
513 2137 781 2246 cognitionem
815 2167 945 2220 rerum
975 2139 1211 2235 concesserit,
1239 2145 1342 2252 qudd

411 2249 454 2329 in
473 2278 517 2330 ea
536 2249 661 2331 solitm
682 2248 741 2328 issi
761 2250 956 2331 voluerint
975 2253 1191 2346 elaborare,
1204 2258 1340 2334 tracta-

411 2359 561 2444 tionem
599 2359 799 2456 orationis,
844 2390 930 2471 quae⁸
968 2362 1045 2441 sine
1079 2363 1146 2444 issa
1184 2361 1341 2445 scientia

409 2473 518 2555 nulla
536 2471 605 2566 est,
633 2472 702 2554 fibi
721 2471 894 2554 assumet.
944 2473 1033 2554 Hoc
1053 2473 1160 2554 enim
1180 2475 1235 2554 est
1254 2507 1341 2584 pro-

291 2637 294 2642 ·
410 2583 540 2692 prium
560 2583 736 2682 oratoris,
753 2586 858 2695 quod
878 2583 975 2695 saepe
987 2583 1073 2692 jaim
1092 2585 1185 2680 dixi,
1215 2588 1338 2669 oratio
1419 2619 1420 2648 ¹

409 2695 539 2804 gravis
557 2715 596 2774 et
619 2715 764 2789 ornata,
792 2715 830 2776 et
860 2693 1071 2776 hominum
1101 2697 1270 2778 senfibus
1297 2727 1340 2780 ac

412 2805 609 2886 mentibus
630 2807 930 2887 accommodata.

252 2903 369 2991 XIII.
402 2999 406 3006 ,
462 2917 616 3017 Quibus
647 2917 693 2996 de
728 2917 838 2996 rebus
860 2916 1111 2999 Aristotelem
1142 2939 1179 3000 et
1199 2919 1337 3002 Theo-

194 3019 198 3031 ’
434 3026 609 3109 hrastum
639 3027 816 3136 scripsisse
856 3029 990 3110 fateor.
1050 3030 1123 3116 Sed
1153 3029 1254 3125 vide,
1289 3059 1336 3110 ne

407 3059 495 3234 boc,
526 3139 711 3234 Scaevola,
736 3159 865 3225 totum
887 3141 929 3226 sit
950 3140 969 3217 d
990 3169 1063 3229 me.
1122 3141 1230 3220 Nam
1250 3172 1335 3252 eg0,

405 3279 492 3360 quae
511 3248 601 3331 sunt*
616 3251 756 3334 oratori
777 3250 967 3331 cumillis
988 3253 1231 3345 communia,
1255 3283 1334 3334 non

405 3382 566 3442 mutuor
599 3363 646 3442 ab
677 3362 782 3465 illis3
817 3361 894 3457 isti,
925 3391 1013 3473 quae
1047 3363 1094 3443 de
1124 3363 1185 3443 his
1220 3366 1333 3444 rebus

1126 3475 1333 3583 disputant,

443 3598 461 3656 6
475 3619 546 3679 quae,
561 3601 609 3678 rufi
618 3604 662 3678 qai
673 3601 793 3674 naturas]
811 3599 854 3656 Ex
885 3598 1050 3658 Pronomine
1063 3598 1174 3656 relativo
1185 3598 1246 3657 usus
1259 3599 1333 3666 ess'et,

403 3687 559 3766 conjecturat
579 3687 716 3746 Passeratii
733 3685 852 3744 ¹Lambi-
883 3687 997 3745 eandem
1009 3705 1104 3745 vocem
1118 3687 1161 3744 vel
1181 3684 1232 3763 ipsi
1246 3685 1333 3744 simile

404 3795 453 3834 nus
477 3774 543 3854 legit
562 3797 651 3858 ¹qucrrr,
674 3777 725 3852 mſs
740 3791 791 3834 etc.
818 3795 852 3840 ne
882 3772 1011 3852 quiddam
1025 3772 1121 3850 repetit
1141 3773 1168 3830 in
1184 3771 1333 3850 posteriore

403 3862 514 3942 gemino
536 3865 597 3922 casu
610 3863 772 3921 Accusativo
791 3863 849 3920 sen·
880 3875 955 3947 parte
969 3858 1116 3930 sententiae,
1131 3859 1329 3918 Grammaticus

402 3950 486 4008 tentia
501 3949 623 4028 (opinor)
645 3950 756 4007 laboret.
796 3947 849 4007 Sed
881 3945 983 4004 ratione
1006 3949 1048 4020 (ut
1069 3944 1147 4002 nobis
1160 3945 1273 4022 quidem
1288 3945 1328 4002 vi-

401 4035 575 4104 nihilmmo;
590 4035 685 4113 sapius
700 4034 775 4092 enirn
785 4035 847 4093 No·
879 4033 935 4096 deti
957 4035 1044 4114 possit)
1067 4050 1123 4092 non
1146 4033 1255 4120 habita:
1283 4035 1326 4106 stc,

396 4121 460 4200 nster,
480 4125 542 4186 edm
560 4122 591 4180 ,in
605 4121 686 4181 initio
709 4121 846 4181 sententiar
880 4137 908 4180 ut
930 4143 980 4202 pro
992 4120 1114 4200 pluribus
1128 4141 1215 4179 unum
1233 4140 1325 4178 exem·

1250 4207 1326 4284 psum
