2864 4732
368 387 819 508 Lr'e'rr·rtl.137.³
909 379 911 392 '
1100 403 1191 516 75.

77 525 207 638 Atqui
222 554 304 606 non
315 525 438 607 defuit
452 527 529 611 illis
541 527 722 634 patronio
735 525 862 637 inquit
873 524 1042 622 Crallue,

77 637 322 748 eloquentia,
353 665 478 747 neque
508 638 659 718 dicendi
694 640 791 718 'ratio
821 660 887 718 aut
914 639 1042 746 copia,

78 747 143 828 sed
166 748 268 856 juris
286 747 412 828 civilis
442 749 671 855 prudentia:
693 747 797 858 qudd
816 750 920 846 ‚alter
939 752 1042 855 plus,

78 861 169 966 lege
187 859 354 966 agend0,
380 859 545 962 petebat,
574 858 693 968 qulrn
711 867 903 967 quantum
923 860 984 938 lex
1003 864 1045 939 in

79 968 291 1051 duodecim
305 968 447 1047 tabulis
466 966 709 1074 permiseratr
737 969 842 1077 quod
861 965 951 1048 cum
968 969 1043 1049 irn-

78 1077 270 1186 petrasset,
289 1076 414 1178 capffa
428 1078 596 1160 caderet:
628 1077 723 1158 alter
736 1077 918 1190 iniquum
932 1097 1047 1187 puta·
1134 1099 1137 1108 ·

80 1191 147 1269 bat
158 1191 248 1296 plus
260 1187 389 1271 securn
402 1186 601 1298 agiqudm
610 1191 717 1300 quod
728 1209 807 1269 etat
818 1190 860 1271 in
872 1191 1042 1284 aelione3

80 1327 208 1410 neque
238 1298 493 1408 intelligebat,
525 1297 552 1377 fi
572 1298 626 1379 ita
643 1297 733 1379 ell'et
752 1303 899 1397 atium,
934 1301 1047 1382 litent

80 1409 342 1494 adver-serium
361 1411 615 1520 perditurum.

136 1521 277 1621 Quid?
307 1519 368 1600 his
387 1521 517 1628 paucis
532 1518 678 1614 diebus,
704 1547 846 1616 nonne,
872 1521 985 1603 nobis
1005 1522 1212 1615 inmun.

80 1631 271 1714 tribunali
284 1632 335 1732 Q.
352 1629 547 1740 Pompeii,
573 1629 745 1739 praetoris
760 1630 912 1729 urbani,
929 1632 1047 1713 famia

79 1741 193 1826 liaris
206 1741 338 1836 nostri,
359 1739 588 1836 sedentibus,
604 1741 788 1824 homoex
802 1769 967 1824 numero
985 1743 1048 1824 tli-

81 1853 275 1936 sertorum
293 1852 520 1961 postulabat,
549 1871 596 1935 ut
614 1851 690 1947 illi,
718 1855 824 1934 unde
842 1873 1050 1963 peteretur,

81 1987 197 2044 vetus
217 1983 332 2074 atque
364 1964 499 2044 usitata
526 1963 700 2072 exceptio
719 1965 883 2062 daretur,
916 1979 931 2028 ⁷
951 1965 1050 2078 erp‘us

74 2076 243 2187 pecuniae
253 2073 483 2182 diessuiffet?
499 2075 604 2185 quod
616 2073 788 2182 petitoris
800 2075 925 2158 carrlia
938 2105 1048 2158 com·

84 2205 265 2294 paratum
283 2183 356 2265 effe
370 2213 450 2266 non
469 2185 727 2294 intelligebat:
749 2189 857 2288 ¹ut‚s1
876 2189 944 2268 ille
958 2187 1048 2268 infi-

84 2297 200 2378 tiator
211 2295 399 2405 probafl'et
411 2296 551 2406 judici,
566 2315 653 2376 ante
667 2297 828 2405 petitam
842 2297 1046 2406 effepecu-

86 2408 207 2503 niam,
218 2405 338 2518 quim
355 2405 446 2487 ell'et
464 2426 591 2514 coepta
605 2408 746 2510 deberi,
756 2407 909 2515 petitor,
921 2407 1047 2487 narsus

87 2521 361 2626 tlrmpeteret,
396 2517 620 2626 exceptione
649 2517 928 2618 excluderetur,
961 2517 1053 2628 quid

88 2659 133 2710 ια’
144 2659 204 2710 res
233 2631 272 2710 in
294 2627 474 2738 judicium
492 2646 599 2709 antea
620 2627 772 2734 venfflet.
827 2629 936 2730 Quid
954 2655 1049 2738 ergo

88 2739 162 2822 hoc
181 2739 267 2821 fieri
286 2739 435 2848 turpius
455 2759 521 2822 aut
540 2738 616 2820 dici
644 2739 780 2850 potest,
799 2741 918 2852 quim
936 2769 1046 2866 eum,

978 2877 1047 2961 qut

90 3077 107 3108 ‘⁶
121 3091 173 3132 nus
189 3072 240 3131 lib.
255 3072 293 3132 ir.
323 3072 366 3133 tit.
389 3061 430 3135 de'
445 3074 567 3134 Adron,
588 3071 692 3132 “diem
713 3070 757 3128 rel
785 3072 971 3135 conditionem
1002 3091 1076 3150 per

89 3162 227 3238 “perago
249 3160 344 3238 Siquis
357 3163 420 3234 etc.)
445 3182 519 3238 agens
532 3165 557 3218 in
586 3167 605 3196 “
619 3175 657 3216 tat
666 3153 693 3226 ;'’
717 3157 792 3234 quod
812 3159 842 3218 in
862 3157 984 3238 sequenti
1007 3177 1052 3218 ca·

90 3249 253 3303 “imm
272 3245 327 3321 fied
344 3247 403 3325 plus
424 3247 558 3326 complexus
586 3247 643 3326 pite
656 3259 800 3324 patronum
811 3247 949 3326 quendam
962 3244 1054 3308 fecisse

91 3332 214 3406 “fier-it,
242 3333 321 3410 purim
347 3333 386 3388 ad
409 3355 463 3390 eum
476 3339 557 3412 perti·
586 3332 653 3391 dicit
662 3331 778 3390 lelue·
951 3335 952 3340 ’

91 3423 107 3453 “
122 3433 198 3488 neret,
235 3419 324 3494 carffz‘
353 3417 463 3490 cadebat,
498 3418 517 3478 i.
532 3438 557 3478 e.
628 3434 643 3494 7
668 3415 856 3496 trq'uspecnniae
866 3419 918 3478 dies
928 3416 1059 3512 smffitil

92 3509 109 3539 “
121 3525 178 3564 rem
198 3501 356 3562 amittebat:
378 3503 408 3562 in
431 3504 566 3582 proximo,
586 3502 720 3582 Exceptio
738 3502 805 3582 legis
819 3501 882 3575 fuit,
896 3519 926 3562 ut
939 3499 1056 3582 pecunie

92 3597 110 3624 “
122 3591 187 3648 verb
197 3589 374 3668 paragrapho
383 3589 497 3650 ostendit
510 3589 556 3666 (sc.
587 3609 645 3648 non
653 3603 787 3671 peteretur
796 3589 937 3648 antediem
944 3587 1055 3666 padum

93 3675 306 3754 “Jullinianue)
318 3695 414 3735 vocem
424 3677 496 3735 hanc
498 3677 558 3756 plus
586 3676 656 3736 inter
667 3676 836 3748 creditorem,
849 3690 877 3734 et
893 3673 1054 3750 debitorem,

93 3760 319 3840 “quadrifariam
341 3760 478 3841 intelligi;
519 3783 556 3831 re,
588 3761 725 3844 senilium,
749 3761 812 3820 unde
828 3773 972 3840 peteretur:
991 3760 1056 3820 edm

95 3853 112 3884 ‘⁴
124 3863 254 3924 tempore,
264 3849 335 3919 loco,
348 3848 483 3910 creante:
504 3849 557 3922 Re,
588 3849 660 3908 hanc
672 3847 860 3928 exceptionem
869 3861 997 3924 patronus
1006 3845 1055 3906 de·

95 3933 144 3990 t‘sr
162 3933 225 4013 quia
242 3955 295 4012 pro
317 3955 352 3994 ro
365 3936 464 3996 Aureis
484 3951 558 4015 petet
588 3935 684 3996 bitorie
697 3935 745 3994 suo
758 3933 850 3993 clienti
869 3933 923 3993 dari
937 3933 1055 4014 postule·

94 4023 115 4064 θ*
129 4037 171 4088 20,
191 4020 275 4098 quale
287 4018 414 4100 Hypseus
428 4021 476 4080 iste
486 4019 557 4082 fere·
589 4038 638 4092 ret,
653 4041 710 4080 non
723 4019 793 4079 vidit
804 4036 989 4100 comparatum
1002 4022 1057 4084 hoe

95 4108 178 4176 “ran
198 4109 350 4190 Tempore,
370 4108 390 4180 fi
410 4107 473 4188 quit
495 4125 557 4186 μεμε
589 4107 667 4168 seille
680 4104 867 4168 inutiliorem
879 4105 1057 4190 petitoriqer

964 4193 1059 4252 adver·
1105 4215 1107 4220 ’
