2890 4752
341 319 813 510 ia1BuRII.83.
1075 376 1167 526 285
1305 381 1307 388 ’

77 526 254 615 maxime
273 530 328 610 est
343 533 616 644 quaerendum:
639 531 823 636 inciditur
838 531 945 624 enirn
959 559 1046 630 otn-

78 643 147 726 nis
165 645 253 751 'jam
273 642 509 736 deliberatio,
538 645 564 722 fi
584 643 819 751 intelligitur
846 672 925 738 non
943 642 1047 750 poflie

76 753 185 846 fieri,
216 774 282 834 aut
302 753 327 832 fi
349 753 540 834 neceffrtas
569 751 746 848 affertur3
775 755 899 876 etqui
919 755 959 834 id
975 754 1048 848 do·
1113 827 1116 838 .

77 863 180 958 cuit,
201 892 280 946 non
299 864 519 944 videntibus
539 863 633 956 aliis,
654 862 685 943 is
705 865 922 974 plurimum
936 863 1046 958 vidit,

78 975 153 1054 Ad
178 973 383 1056 confilium
409 995 539 1054 autem
565 975 611 1054 de
635 973 849 1082 Republica
877 978 1049 1056 dandum

79 1103 205 1192 caput
220 1085 287 1178 est,
307 1085 412 1166 noffe
425 1083 746 1192 Rempublicam:
774 1087 820 1166 ad
840 1087 1050 1168 dicendum

78 1193 180 1278 verti
204 1195 464 1302 probabiliter,
495 1195 598 1276 nofl'e
617 1225 743 1278 mores
763 1189 952 1295 civitatis3
980 1199 1049 1310 qui

80 1305 326 1416 quiacrebro
340 1327 553 1401 mutantur,
565 1335 685 1416 genus
697 1336 852 1418 quoque
866 1309 1050 1392 orationis

81 1415 144 1494 e'st
177 1415 272 1524 saepe
302 1421 556 1498 mutandum:
605 1437 659 1512 et,
705 1447 944 1541 quamquam
972 1447 1052 1514 una.¹

79 1525 168 1610 ,fere
187 1526 318 1621 visest
337 1529 585 1637 eloquentiae,
613 1548 757 1624 tamen,
785 1558 876 1640 quta
901 1531 1053 1610 summa
1113 1629 1115 1636 Χ

84 1636 256 1746 dignitas
269 1636 323 1714 est
343 1640 492 1746 populi,
509 1638 724 1750 grauiffima
739 1637 863 1720 caussa
877 1637 1050 1750 Reipub·
1145 1647 1148 1654 '

83 1747 190 1842 licae,
205 1747 366 1832 maximi
380 1769 512 1830 motus
525 1751 801 1844 rr'tultitudinis,
817 1777 937 1860 genus
953 1779 1051 1860 quo·

83 1885 165 1966 que
193 1857 345 1937 dicendi
373 1859 554 1966 grandius
573 1861 768 1969 quoddam
797 1881 836 1941 et
865 1860 1051 1950 illustrius

82 1965 164 2052 effe
192 1967 455 2049 adhibendum
483 1971 657 2051 videtur:
686 1965 938 2085 'maximaque
965 2001 1050 2082 pars

82 2079 274 2162 orationis
294 2081 530 2162 admovenda
546 2080 599 2160 est
617 2083 663 2162 ad
679 2083 900 2164 animorum
920 2107 1051 2166 motus

83 2217 389 2310 nonnumquam
408 2214 473 2272 aut
492 2191 768 2285 cohortatione,
788 2214 855 2276 aut
873 2221 1050 2276 comme-

85 2301 307 2384 moratione
322 2303 463 2412 aliqua,
475 2323 540 2382 aut
556 2303 596 2381 in
612 2303 728 2410 spem,
744 2325 810 2382 aut
830 2308 870 2384 in
885 2325 1051 2400 metum,

86 2413 219 2496 autad
238 2409 503 2518 cupiditatem,
523 2433 588 2492 aut
606 2414 653 2492 ad
667 2414 834 2522 gloriam
853 2415 1051 2496 concitan-

88 2524 160 2603 dos
173 2550 184 2604 ε
206 2523 300 2630 saepe
315 2525 434 2608 etiam
447 2523 469 2604 a
480 2521 706 2617 temeritate,
721 2523 930 2622 iracundia,
949 2525 962 2560 ⁶
977 2526 1053 2634 spe,

88 2631 244 2743 injuria,
265 2636 420 2726 invidia,
439 2633 664 2715 crudelitate
684 2637 928 2718 revocandoa

149 2743 216 2824 Fit
234 2763 377 2838 autern,
405 2765 463 2839 ut,
495 2743 584 2854 quia
604 2747 773 2826 maxima
791 2747 892 2856 quast
910 2747 1211 2836 oratoritxxxm
1302 2756 1304 2763 ’

88 2855 203 2938 scena
217 2855 389 2936 videatur
404 2857 552 2948 concio,
576 2857 709 2936 araturi
723 2855 799 2963 ipsi
814 2859 860 2936 ad
879 2859 1051 2939 ornatius

89 2967 244 3056 dicendi
259 2995 380 3075 genus
394 2967 601 3046 excitetur:
622 2967 736 3046 habet
747 2969 855 3046 enim
869 2972 1051 3050 multitu·

91 3079 145 3160 do
162 3077 245 3158 vim
264 3081 458 3186 quandam
477 3077 608 3170 talem,
630 3099 691 3170 ut,
715 3081 1051 3186 'quemadmodum

92 3187 241 3270 tibicen
260 3191 336 3269 tine
350 3188 455 3269 tibiis
475 3215 620 3282 canere,
639 3189 687 3269 fic
702 3210 829 3271 orator
847 3192 924 3271 sme
944 3195 1049 3272 mul·
1121 3240 1124 3254 .

884 3298 1050 3384 titudine
1152 3319 1155 3326 ·

89 3439 159 3500 item
172 3437 269 3498 MStut
282 3435 376 3496 Mean.
395 3439 459 3496 cim
472 3437 517 3508 fic,
536 3451 561 3492 et
590 3439 631 3496 vel
650 3457 712 3496 cum
725 3436 845 3516 periculo
857 3436 982 3520 gloriosa,
994 3441 1054 3500 ier·

89 3543 257 3594 carnarum
273 3543 335 3582 nam
346 3525 483 3603 particular
491 3536 559 3583 con·'
590 3543 635 3582 mo
648 3523 695 3582 est.
740 3552 742 3560 r

87 3613 220 3694 juniiivae
245 3613 306 3669 satis
338 3611 436 3669 docent
463 3630 554 3669 votem
630 3611 648 3668 6
657 3609 710 3689 spe,
725 3607 847 3688 iniria]
866 3609 1052 3684 Incommode,

89 3717 239 3763 caeterarum
262 3697 349 3756 statim
370 3697 429 3776 post
452 3699 556 3754 mr'lr'rum
591 3696 697 3774 opinor,
727 3697 792 3755 huic
814 3698 874 3755 loco
896 3699 979 3756 haeret
1000 3717 1056 3760 vox

90 3789 168 3869 sequi
183 3787 290 3862 debere.
539 3813 542 3820 ·
591 3782 641 3858 ite:
666 3782 700 3839 ln
726 3779 862 3858 excerptis.
879 3779 953 3840 MSti
976 3781 1054 3842 Nor.

135 3891 152 3954 ς
182 3891 241 3952 quae
259 3885 338 3928 errmt
356 3869 401 3926 vel
420 3891 474 3925 curn
490 3875 556 3948 prri-
591 3867 689 3946 legitur
702 3868 748 3948 spe
771 3865 804 3922 ab
826 3863 941 3942 irq'urr'a3
981 3869 1055 3927 unde

89 3963 160 4040 culo]
181 3960 261 4018 forte
276 3957 417 4035 legendum
427 3957 461 4031 est
472 3979 556 4025 eram
591 3957 704 4014 arbitror
717 3953 861 4033 legendum
875 3955 1008 4039 ess'e‚sttpr
1019 3955 1055 4016 ab

90 4051 127 4111 de
149 4045 292 4127 preteritis
314 4045 400 4113 enim,
420 4045 454 4102 sc.
474 4041 555 4120 majo·
590 4039 747 4123 tauriano.

75 4158 154 4212 ‚rum
167 4131 310 4210 exemplis,
328 4147 390 4212 quae
409 4129 470 4210 ipfis
484 4143 559 4190 eraut

986 4227 1057 4292 μα
