2864 4732
344 361 803 518 Lruaallsr..
1069 445 1163 550 ιη

76 599 151 655 nos
170 567 346 650 incensos
366 569 493 648 studio
511 566 680 650 discendi
698 565 906 648 adosiriua
920 571 1043 650 ‹leter-

79 701 222 776 rerent‚
250 682 414 760 libenter
437 679 492 774 id,
512 681 618 804 quod
637 679 731 773 diri,
754 679 800 758 de
820 678 898 758 iliis
916 701 1046 764 orato·

78 797 188 874 ribus
202 792 477 900 praedicarent3
496 813 552 885 ut,
572 791 598 868 sr
618 789 797 870 homines
813 817 892 871 non
907 793 1045 872 eruditi
1063 887 1068 894 ,

78 905 280 985 summam
298 901 416 982 essent
446 901 691 1010 prudentiam
710 919 823 1010 atque
843 901 1046 983 incredibi-

79 1018 162 1096 lem
182 1013 449 1122 eloquentiam
468 1011 675 1109 consecuti,
695 1010 819 1092 inanis
830 1013 958 1093 omnis
980 1045 1048 1094 uo·

79 1127 156 1206 ster
172 1125 244 1204 effe
261 1127 380 1219 labor,
398 1147 436 1203 et
457 1123 620 1202 stultum
641 1123 679 1202 in
700 1124 809 1202 nobis
830 1124 1046 1206 erudiendis

80 1235 201 1343 patris
232 1235 367 1329 nostri,
398 1234 537 1342 optimi
571 1263 613 1314 ac
643 1233 922 1342 prudentissimi
955 1237 1044 1332 viri,

82 1347 259 1427 studium
269 1347 473 1424 videretur.
504 1347 613 1446 Quos
626 1365 712 1422 tum
730 1344 792 1451 (ut
804 1346 929 1460 pueri)
945 1349 1046 1426 resu-

81 1477 162 1539 tare
179 1455 398 1539 domesticis
414 1456 585 1548 testibuS,
606 1475 722 1562 patre,
737 1477 775 1532 et
787 1455 834 1532 C.
847 1457 1046 1538 Aculeone

81 1561 303 1677 propinquo
317 1567 463 1662 nostro,
484 1587 521 1644 et
541 1565 592 1646 L.
608 1566 796 1644 Cicerone
815 1587 967 1672 patruo,
989 1569 1049 1676 s0'.
1146 1573 1154 1586 '

82 1683 288 1772 lebamus;
336 1677 439 1787 qudd
469 1677 515 1756 de
535 1674 667 1756 Crasso
692 1695 809 1782 pater,
838 1697 876 1755 et
896 1679 1048 1758 Aculeo

80 1792 276 1900 (quocum
291 1809 369 1868 erat
386 1788 512 1869 nostra
526 1779 760 1900 matertera),
770 1815 889 1896 quem
897 1787 1050 1868 Crassus

82 1900 222 1982 dilexit
235 1899 477 1980 exomnibus
493 1897 722 2005 plurimum,
742 1917 780 1976 et
799 1915 968 2006 patruus,
979 1900 1048 2010 qui

81 2041 180 2092 cum
191 2009 368 2106 Antonio
384 2009 424 2089 in
437 2009 620 2090 Ciliciam
634 2009 825 2113 professus
838 2007 914 2088 uni
928 2009 1051 2092 deces-

83 2122 195 2217 serat,
216 2123 340 2200 multa
359 2121 469 2200 nobis
490 2121 535 2198 de
555 2121 635 2229 ejus
656 2117 781 2200 studio
801 2119 1048 2232 destrinaque

82 2231 182 2342 saepe
198 2231 389 2312 narravit:
418 2227 584 2340 cumque
604 2257 673 2308 nos
693 2256 785 2308 cum
815 2231 1050 2312 consobrinis

83 2343 240 2437 nostris,
259 2341 472 2422 Aculeonis
485 2341 588 2432 filiis,
600 2359 637 2418 et
650 2367 693 2417 ea
707 2339 948 2436 disceremus,
963 2371 1050 2451 quae

82 2451 223 2535 Crasso
240 2453 446 2561 placerent,
467 2469 504 2530 et
523 2451 569 2530 ab
589 2449 636 2529 iis
656 2449 887 2542 dosioribuS,
910 2451 1052 2560 quibus
1105 2511 1107 2518 -

83 2567 155 2648 ille
188 2584 371 2657 uteretur,
402 2563 652 2653 erudiremur,
682 2561 801 2638 etiam
826 2559 925 2640 illud
954 2561 1051 2670 saepe

85 2674 354 2758 intelleximus
384 2670 526 2784 (²ci1m
545 2669 706 2750 essemus
726 2665 927 2778 ejusmodi,
949 2673 1052 2782 qudd

84 2789 149 2868 vel
171 2784 281 2894 pueri
300 2785 435 2865 sentire
455 2785 706 2894 poteramus),
729 2781 844 2862 iilum
864 2803 901 2863 et
916 2778 1052 2888 Graece

9 2927 10 2932 ’
86 2886 137 2980 sic
149 2897 275 3006 loqui,
289 2897 439 2975 nullam
452 2915 495 2973 ut
511 2893 613 2976 nosse
626 2893 742 2974 aliam
757 2891 934 3002 linguam
947 2895 1051 2976 vide-

86 3027 209 3101 retur,
228 3025 266 3087 et
285 3007 505 3088 doctoribus
525 3003 661 3084 nostris
680 3031 724 3083 ea
743 3031 882 3110 ponere
902 3007 943 3085 in
962 3036 1051 3115 per·

87 3119 325 3216 cunctando,
342 3145 460 3229 eaque
475 3116 601 3224 ipsum
612 3115 722 3197 omni
738 3115 779 3194 in
794 3113 966 3199 sermone
978 3135 1053 3198 tra'-

936 3231 1059 3324 stare,

85 3455 184 3529 rffemus
197 3449 255 3529 ejus
264 3451 352 3524 domi)
367 3451 434 3529 quid
441 3452 486 3508 vel
493 3463 556 3529 pue·
589 3449 759 3509 cr'raredebet:
778 3443 886 3512 S'cilicet
899 3452 928 3510 in
938 3467 1054 3532 utroque

87 3546 115 3598 ri
131 3555 186 3600 etc.
225 3539 378 3599 lambinus
392 3541 458 3598 γετὸ
477 3541 558 3598 verba
590 3537 651 3593 ioco
671 3555 724 3594 vox
749 3537 816 3614 qaid
837 3539 909 3598 idern
931 3541 1001 3600 valet
1023 3560 1056 3598 ac

86 3627 144 3685 risa
165 3629 262 3703 effertus
283 3623 405 3702 q'usmodi,
432 3625 499 3704 quid
516 3627 562 3682 vel
590 3637 634 3678 ut:
654 3619 700 3678 Sic
713 3623 742 3681 in
753 3625 819 3682 Ter.
838 3625 957 3703 Adelph.
972 3624 1013 3683 iii.
1028 3647 1054 3683 2.
1082 3621 1091 3638 “

81 3717 160 3794 pueri
172 3713 270 3788 stnrire
285 3723 435 3792 poteramus·
448 3713 561 3772 delenda
596 3729 620 3766 1·
641 3707 718 3766 Nunc
726 3711 792 3766 illud
804 3709 846 3784 est,
867 3711 951 3790 quod,
962 3711 994 3788 fi
1004 3733 1055 3768 om·

88 3799 144 3858 effe
158 3797 257 3856 voluit.
294 3798 561 3876 Sedvulgatalefflo
592 3799 727 3852 aesomnr'a
737 3795 789 3872 fita
809 3799 906 3874 corfilia
923 3799 1057 3874 consuant,

89 3881 204 3943 defendi
217 3883 320 3962 potest3
342 3881 483 3961 Ejusmodi,
505 3885 523 3944 i.
533 3892 559 3943 ἒ.
591 3883 744 3940 *nihil
759 3886 853 3942 auxilii
864 3884 981 3964 affirant.
1021 3885 1058 3947 Et

89 3971 173 4031 tantis
187 3969 306 4048 ingeniis
318 3971 434 4049 praediti.
459 3971 560 4034 Noster
593 3970 622 4029 in
640 3971 750 4031 Colum.
773 3973 808 4032 de
830 3993 859 4034 re
883 3975 1015 4038 renavis.
1029 3991 1057 4057 ς.

90 4057 122 4118 in
141 4059 195 4116 Or.
217 4057 348 4140 prolege
369 4057 469 4116 Manis.
489 4080 513 4118 c.
531 4082 560 4132 2.
591 4061 632 4116 Sr'c
650 4060 756 4138 quidem,
786 4063 861 4142 quod
882 4085 925 4126 nte
950 4066 1058 4124 medica.

90 4143 167 4214 dicit,
188 4143 276 4201 Genus
288 4141 345 4200 bessi
364 4141 398 4216 ‹st
419 4143 560 4219 ejusmodi,
592 4163 726 4212 taeniarum
745 4150 865 4227 necfitri
887 4152 994 4210 remedia
1006 4167 1056 4232 pa·

88 4233 167 4316 qued
180 4230 292 4292 maxtin)
300 4227 397 4305 *vestros
412 4237 561 4292 animosexa
593 4237 657 4290 titur
688 4251 773 4312 grex:
806 4237 843 4297 Et
864 4243 910 4314 (ne
935 4239 1057 4315 pluribus

928 4325 1058 4414 exsurgis
