2864 4732
351 395 563 486 Lrsss
608 393 670 488 II.
732 393 779 486 6.
1068 423 1161 532 137

81 531 341 644 repuerascere
364 519 437 614 eise
465 533 611 628 soiitos,
642 533 734 613 cinn
763 557 827 632 rus
856 534 1042 627 cnutho,
1153 566 1156 570 ·
1189 570 1193 578 ·

17 651 18 654 ’
82 643 510 763 tamquimdvincuiis
529 643 787 724 evolaviffent.
815 643 908 724 Non
925 644 1047 728 audeo
1160 677 1166 686 ·

82 759 209 842 dicere
224 757 272 835 de
286 755 429 835 talibus
445 755 549 850 viris,¹
562 755 624 835 sed
639 773 770 834 tamen
783 755 835 834 ita
850 755 943 834 solet
963 781 1049 854 nar·
1099 849 1103 863 .

81 896 163 950 rare
184 867 372 962 Scaevola,
406 865 573 947 conchas
592 893 656 946 eos
676 885 714 944 et
733 867 748 916 ⁸
767 866 976 946 umbilicos
1002 865 1050 944 ad
1080 919 1085 930 ·
1233 945 1237 968 ‚

80 977 264 1058 Caietam
277 997 317 1056 et
331 979 379 1057 ad
392 977 633 1056 Laurentem
647 979 773 1084 legere
787 973 990 1072 consueffe,
1009 994 1048 1054 et

37 1126 42 1132 ·
81 1091 126 1169 ad
146 1117 312 1170 omnem
327 1087 448 1167 animi
467 1087 726 1202 remiffionem
743 1089 958 1198 ludumque
978 1087 1047 1168 de·
1163 1149 1167 1155 .

81 1199 270 1280 frendere.
318 1213 333 1262 ⁹
354 1199 417 1278 Sic
436 1198 543 1278 enim
565 1197 600 1277 se
621 1225 678 1277 res
697 1199 826 1291 habet,
845 1217 890 1279 ut
908 1203 1047 1310 querri-

82 1311 298 1392 admodum
312 1311 486 1391 voiucres
505 1309 691 1392 videmus.
701 1309 974 1416 procreationis
989 1328 1047 1389 at-

81 1447 156 1532 que
175 1419 356 1502 utilitatis
375 1419 452 1500 suae
468 1417 591 1530 csuffa
605 1419 751 1528 fingere
770 1439 810 1499 et
829 1420 1047 1506 construere

80 1531 216 1626 nidos;
234 1530 385 1610 easdem
400 1550 545 1623 autem,
560 1529 652 1610 crim
667 1530 813 1640 aliquid
833 1529 1045 1624 effecerint,
1109 1548 1113 1561 '

82 1641 238 1722 levandi
257 1640 397 1722 laboris
415 1640 472 1721 sui
491 1638 614 1722 causs'a
632 1641 765 1748 paffim
785 1669 829 1722 ac
848 1639 965 1722 iiberd
984 1640 1048 1722 sod
1136 1639 1138 1646 ⁴

80 1753 189 1856 lutas
213 1779 325 1859 opere
342 1751 526 1833 volitare:
544 1749 731 1833 fic-nostri
751 1751 872 1848 animi
892 1750 1048 1832 forebfi·

81 1864 157 1942 bus
176 1860 339 1971 negotiis
354 1883 469 1972 atque
487 1862 635 1943 urbano
653 1891 767 1971 opere
785 1863 912 1943 defeffi
930 1863 1046 1972 gesti·

80 1994 169 2067 unt,
188 2001 233 2054 ac
247 1973 408 2054 volitare
427 1971 603 2081 cupiunt,
623 1976 733 2054 vacui
752 2003 843 2056 cura
857 1995 973 2086 atque
992 1974 1047 2054 la·

80 2087 186 2165 bore.
217 2083 351 2194 Itaque
365 2083 476 2179 illud,
488 2083 593 2195 quod
604 2113 677 2193 ego
689 2087 729 2166 in
742 2085 866 2166 cauffa
877 2083 1047 2165 Curiana

81 2196 267 2290 Scaevolae
290 2194 385 2290 dixi,
416 2213 496 2278 non
515 2193 594 2274 dixi
623 2195 728 2275 secus
747 2225 790 2276 ac
814 2195 1044 2294 ¹sentiebam.

81 2306 205 2400 Nam,
219 2305 273 2413 fi,
304 2304 479 2416 inquam,
505 2306 691 2418 Scaevola,
706 2307 839 2387 nullum
857 2307 927 2386 erit
944 2307 1047 2414 tesia-

80 2433 252 2508 mentum,
282 2421 374 2528 resi?
390 2415 552 2526 sadum,
578 2415 645 2524 nist
661 2415 760 2543 puod
783 2436 825 2496 tu
841 2415 1045 2529 scripseris,

80 2555 197 2608 omnes
215 2525 270 2605 ad
283 2543 318 2606 te
334 2527 432 2608 cives
456 2554 535 2606 cum
553 2527 683 2609 tabulis
700 2529 899 2619 veniemuss
931 2527 1057 2607 omni:

80 2667 141 2718 um
171 2639 375 2745 testamenta
404 2655 445 2718 tu
467 2635 607 2750 scribes
635 2666 746 2718 renus:
780 2638 871 2749 quid
893 2639 1044 2748 igitur?

83 2749 278 2859 inquam
329 2748 467 2858 quondo
504 2768 589 2856 ages
619 2750 796 2858 negotium
825 2748 1045 2862 publicum?
1099 2815 1101 2822 ,

504 2953 507 2966 ,
590 2883 594 2901 “
909 2861 1047 2973 quando

79 3000 103 3042 es
139 2981 276 3064 orribilis-os,
308 2981 373 3039 val.
411 2980 552 3042 Maximus
571 2983 738 3062 sisebado,
757 3001 797 3062 ut,
810 2985 935 3070 nrfiquod
948 2987 1048 3066 quisine·

80 3071 130 3130 lib.
146 3070 167 3128 i.
190 3090 216 3128 c.
229 3070 257 3127 8.
280 3083 360 3128 vocat
379 3069 509 3130 conchulas
530 3087 553 3126 er
571 3070 624 3130 'siri
642 3077 759 3156 potueris,
791 3067 925 3152 numquam
950 3070 1047 3130 omnino
1075 3100 1081 3114 ι

81 3157 198 3214 calculos.
579 3156 654 3234 poffit
659 3158 802 3238 persistere.
816 3156 901 3237 Epist.
911 3159 945 3216 sd
955 3157 1046 3236 Qin·

122 3239 552 3318 pSicmbnftreshabe13uu
578 3257 637 3302 tum
650 3243 767 3302 Fratrem
782 3244 801 3306 i.
819 3266 843 3304 1.
863 3247 934 3332 Q&
940 3249 1047 3328 persaepe

79 3327 288 3407 queamdmodum
304 3329 372 3402 eto]
401 3327 553 3387 Lambinus
577 3332 646 3386 viris
673 3330 854 3410 sapientfimr's
893 3333 1045 3402 acciderunt,

79 3411 183 3473 delevit
207 3431 304 3472 vocem
325 3431 373 3472 ut:
402 3414 446 3472 sed
478 3415 551 3472 suam
579 3433 618 3488 ur,
647 3420 848 3497 quemadmoduss
869 3421 1047 3502 gubernatores

81 3498 305 3564 emendationem
318 3498 399 3557 nullis
409 3519 553 3578 argumen·
573 3507 664 3582 'optim'
685 3510 742 3562 vim
764 3495 926 3588 tenpestasii3
949 3507 989 3585 fic
1008 3509 1048 3564 illi

80 3586 116 3646 tis
126 3583 311 3646 confirmavit.
330 3583 397 3644 Hoc
406 3588 481 3657 verb,
492 3585 552 3664 opi·
569 3591 686 3664 ¹s‘irrsenae
710 3595 825 3674 impetum
846 3595 967 3674 seperare
999 3615 1047 3650 non

81 3693 144 3742 nor,
162 3672 268 3730 secutus
280 3671 327 3731 est.
362 3671 444 3732 Vidit
455 3693 554 3754 nempe
579 3675 692 3755 possent.
739 3677 773 3736 In
799 3678 843 3738 his
866 3678 952 3759 tribus
978 3679 1045 3738 iocis

79 3760 166 3824 verba
184 3757 325 3838 sequeutia
339 3757 448 3840 gejir'uss
466 3775 494 3818 et
510 3784 553 3818 cu·
580 3761 666 3822 citetis
685 3761 879 3842 subjunctivus
893 3765 988 3842 mpdus
1006 3764 1044 3822 se-

76 3849 155 3926 piunt
189 3843 243 3901 cue
285 3845 360 3904 modi
398 3843 553 3917 indicativi,
579 3848 729 3928 quiturrst:
749 3865 796 3909 aut
818 3851 902 3930 igitur
915 3851 1059 3934 particula

80 3929 210 4012 quamvis
223 3929 282 4007 post
303 3945 332 3988 ut
345 3929 553 4012 Subjundiivum
578 3952 606 3994 us
624 3933 756 4014 ejicienda
782 3937 829 4008 est,
859 3953 906 3996 aut
931 3935 962 3998 in
992 3937 1047 3998 fine

80 4017 163 4078 scribi
178 4032 333 4096 oporteret:
359 4016 405 4082 Sic
418 4018 448 4080 in
462 4017 492 4082 ii.
505 4019 553 4096 67.
578 4019 725 4090 sententis,
746 4021 849 4082 neoess'e
861 4023 909 4098 est,
930 4041 960 4092 ut
971 4027 1043 4109 legs-

79 4109 122 4164 Sir·
138 4101 251 4186 prdidi
271 4127 310 4164 res
318 4107 348 4184 st
359 4104 441 4178 habet,
461 4109 554 4168 nullum
579 4126 638 4170 mus
646 4105 755 4188 gessims
767 4124 795 4168 et
806 4117 916 4192 cupiaris.

80 4191 153 4258 utfit
166 4201 271 4270 napus,
283 4187 326 4250 iii.
338 4211 353 4250 2
357 4211 382 4268 3.
396 4191 449 4250 Rrs
456 4193 554 4274 quidem
875 4191 878 4198 ’

403 4325 407 4332 1
917 4287 1041 4372 sVulgb
